<!doctype html>
<html class="no-js" lang="en-e-UK" dir="ltr">
  
<!-- Mirrored from www.maccosmetics.co.uk/collections-mac-makeup-art-cosmetics by HTTrack Website Copier/3.x [XR&CO'2014], Wed, 01 Mar 2017 11:55:57 GMT -->
<!-- Added by HTTrack --><meta http-equiv="content-type" content="text/html;charset=utf-8" /><!-- /Added by HTTrack -->
<head>
    <meta http-equiv="X-UA-Compatible" content="IE=edge,chrome=1">
    <meta charset="utf-8" />
<meta name="MobileOptimized" content="width" />
<meta name="HandheldFriendly" content="true" />
<meta http-equiv="cleartype" content="on" />
<meta name="theme-color" content="#000000" />
<meta name="google-site-verification" content="ubfunea8OqBmNBrBRoZM2OmDkWUDGX8eHIkUZr5R2ns" />
<meta name="robots" content="noodp" />
<meta name="viewport" content="width=device-width, initial-scale=1.0, maximum-scale=1, minimal-ui, user-scalable=no" />
<link rel="shortcut icon" href="http://www.maccosmetics.co.uk/sites/maccosmetics/themes/mac_base/favicon.ico" />
<link rel="shortlink" href="http://www.maccosmetics.co.uk/node/70870" />
<link rel="canonical" href="collections-mac-makeup-art-cosmetics.html" />
<meta property="og:site_name" content="MAC Cosmetics - Official Site" />
<meta property="og:type" content="article" />
<meta property="og:title" content="Make-Up Art Cosmetics Collection Page" />
<meta property="og:url" content="collections-mac-makeup-art-cosmetics.html" />
    <title>Make-Up Art Cosmetics Collection Page | MAC Cosmetics - Official Site</title>
        <link rel="stylesheet" href="http://www.maccosmetics.co.uk/sites/maccosmetics/files/css/css_YzVjrBQ057Tqnn5UInjyPmWC2bM4SxiF6-jRWyVk_ws.css" media="all" />
<link rel="stylesheet" href="http://www.maccosmetics.co.uk/sites/maccosmetics/files/css/css_BYgUzaq4LuhTj556vvnzLBoaHYO6f1svdFmwuiE1ETg.css" media="all" />
<link rel="stylesheet" href="http://www.maccosmetics.co.uk/sites/maccosmetics/files/css/css_-Lj3ieDWk74dFiaHPLP-iK0n7eau14BNfQUsW_j-yhE.css" media="all" />
<link rel="stylesheet" href="http://www.maccosmetics.co.uk/sites/maccosmetics/files/css/css_yDo5lyOOzCLJ25_-nngvw9rOtZ04qdAsSkBv5QIqEkQ.css" media="screen" />
<link rel="stylesheet" href="http://www.maccosmetics.co.uk/sites/maccosmetics/files/css/css_47DEQpj8HBSa-_TImW-5JCeuQeRkm5NMpJWZG3hSuFU.css" media="print" />
<link rel="stylesheet" href="http://www.maccosmetics.co.uk/sites/maccosmetics/files/css/css_mTY3u5aEOI1_IysNjDc8OJUq3VQ5q6qUGmIY-bSLRQk.css" media="all" />
<link rel="stylesheet" href="http://www.maccosmetics.co.uk/sites/maccosmetics/files/css/css_BSqF_e9nX1hb0xM5vIfCeVgFehHaxpFneN9rrQz1FUQ.css" media="all" />
<link rel="stylesheet" href="http://www.maccosmetics.co.uk/sites/maccosmetics/files/css/css_UkrS5ygugGJJH8LRp9OUKm5a3g1D9pL5H6rDr87Wzuk.css" media="all" />
<link rel="stylesheet" href="http://www.maccosmetics.co.uk/sites/maccosmetics/files/css/css_TdXdBDWwVNmx0WWU3tM_4Mhoi9ToIETZVFzWQ_PdKiA.css" media="all" />
            <script src="http://www.maccosmetics.co.uk/sites/maccosmetics/files/js/js_q60Qm_XqAheQh3r0d9z7pvMnuCXNzJ35--X9lZCwpig.js"></script>
<script>var elcs_config = {"enabled":true,"urls":["stores","book-appointment","cancel-appointment","my-appointments"]};</script>
<script src="http://www.maccosmetics.co.uk/sites/maccosmetics/files/js/js_K2TFucEHyfY4QVYO9kIOEwJysXabd_ocbtAKbCOLzk0.js"></script>
<script>(function(){
  if(window.BOOMR && window.BOOMR.version){return;}
  var dom,doc,where,iframe = document.createElement('iframe');
  iframe.src = "javascript:false";
  iframe.title = ""; iframe.role="presentation";
  (iframe.frameElement || iframe).style.cssText = "width:0;height:0;border:0;display:none;";
  where = document.getElementsByTagName('script')[0];
  where.parentNode.insertBefore(iframe, where);

  try {
    doc = iframe.contentWindow.document;
  } catch(e) {
    dom = document.domain;
    iframe.src="javascript:var d=document.open();d.domain='"+dom+"';void(0);";
    doc = iframe.contentWindow.document;
  }
  doc.open()._l = function() {
    var js = this.createElement("script");
    if(dom) this.domain = dom;
    js.id = "boomr-if-as";
    js.src = '//c.go-mpulse.net/boomerang/' +
    'HAJFS-UG7FE-92Z62-K5A6X-EDW3M';
    BOOMR_lstart=new Date().getTime();
    this.body.appendChild(js);
  };
  doc.write('<body onload="document._l();">');
  doc.close();
})();</script>
<script src="http://www.maccosmetics.co.uk/sites/maccosmetics/files/js/js_RB4_DlVkXP5Hnm0sNgBvhbSmR-H8X5cQ3ePhLEH_8VE.js"></script>
<script src="http://www.maccosmetics.co.uk/sites/maccosmetics/files/js/js_1NJRAzUqaGgYMk5eZJ00KN29hQ8s6fu6Pf7tZc8kFwI.js"></script>
<script src="http://www.maccosmetics.co.uk/sites/maccosmetics/files/js/js_97h4aiuf_0W4oaUW_f9A2xWM7lvFBlDqKbX_zgxphVg.js"></script>
<script src="http://www.maccosmetics.co.uk/sites/maccosmetics/files/js/js_FJvMLZgld271MNr5_kElz01IR3ALf3zRp8NpkZYWO_g.js"></script>
<script src="http://www.maccosmetics.co.uk/sites/maccosmetics/files/js/js_DUbUJCNtFc6MMYpSbT_DHBuqcZlQBrXpH7YspQ3vdJI.js"></script>
<script>jQuery.extend(Drupal.settings, {"basePath":"\/","pathPrefix":"","ajaxPageState":{"theme":"uk_pc","theme_token":"yjOVrDhrS-ttkWEyWtkb6e928JElXVqLVaZo29_T26w","js":{"0":1,"1":1,"sites\/maccosmetics\/themes\/mac_base\/js\/bower_components\/colorbox\/jquery.colorbox-min.js":1,"sites\/maccosmetics\/themes\/mac_base\/js\/shared\/generic\/catch-console.js":1,"sites\/maccosmetics\/themes\/mac_base\/js\/shared\/generic\/utilities.js":1,"sites\/maccosmetics\/themes\/mac_base\/js\/shared\/external\/json2.js":1,"sites\/maccosmetics\/themes\/mac_base\/js\/shared\/generic\/jsonrpc.js":1,"sites\/maccosmetics\/themes\/mac_base\/js\/shared\/generic\/cookie.js":1,"sites\/maccosmetics\/themes\/mac_base\/js\/shared\/generic\/rb.js":1,"sites\/maccosmetics\/themes\/mac_base\/js\/shared\/generic\/template.js":1,"sites\/maccosmetics\/themes\/mac_base\/js\/shared\/generic\/forms.js":1,"sites\/maccosmetics\/themes\/mac_base\/js\/shared\/generic\/cart.js":1,"sites\/maccosmetics\/themes\/mac_base\/js\/shared\/generic\/product.js":1,"sites\/maccosmetics\/themes\/mac_base\/js\/shared\/generic\/error.js":1,"sites\/maccosmetics\/themes\/mac_base\/js\/shared\/generic\/pagedata.js":1,"sites\/maccosmetics\/themes\/mac_base\/js\/shared\/generic\/user.js":1,"sites\/maccosmetics\/themes\/mac_base\/js\/shared\/site\/overlay.js":1,"sites\/maccosmetics\/themes\/mac_base\/js\/shared\/site\/user_info_cookie.js":1,"sites\/maccosmetics\/themes\/mac_base\/js\/shared\/site\/forgot_password.js":1,"sites\/maccosmetics\/themes\/mac_base\/js\/shared\/site\/template.js":1,"sites\/maccosmetics\/themes\/uk\/js\/shared\/popupoffers.js":1,"sites\/maccosmetics\/themes\/mac_base\/js\/bower_components\/mustache\/mustache.js":1,"sites\/maccosmetics\/themes\/mac_base\/js\/bower_components\/lodash\/lodash.min.js":1,"sites\/maccosmetics\/themes\/mac_base\/js\/shared\/external\/unison-ie8fix.js":1,"sites\/maccosmetics\/themes\/mac_base\/js\/bower_components\/jquery-outside-events\/jquery.ba-outside-events.min.js":1,"sites\/maccosmetics\/themes\/mac_base\/js\/bower_components\/jquery.cookie\/jquery.cookie.js":1,"sites\/maccosmetics\/themes\/mac_base\/js\/bower_components\/jquery-hoverIntent\/jquery.hoverIntent.js":1,"sites\/maccosmetics\/themes\/mac_base\/js\/bower_components\/touchwipe\/index.js":1,"sites\/maccosmetics\/themes\/mac_base\/js\/bower_components\/sidr\/index.js":1,"sites\/maccosmetics\/themes\/mac_base\/js\/bower_components\/slick.js\/slick\/slick.min.js":1,"sites\/maccosmetics\/themes\/mac_base\/js\/bower_components\/jquery.easyResponsiveTabs\/jquery.easyResponsiveTabs.js":1,"sites\/maccosmetics\/themes\/mac_base\/js\/bower_components\/picturefill\/dist\/picturefill.js":1,"sites\/maccosmetics\/themes\/mac_base\/js\/bower_components\/matchHeight\/jquery.matchHeight-min.js":1,"sites\/maccosmetics\/themes\/mac_base\/js\/bower_components\/eq.js\/dist\/eq.min.js":1,"sites\/maccosmetics\/themes\/mac_base\/js\/bower_components\/select2\/select2.min.js":1,"sites\/maccosmetics\/themes\/mac_base\/js\/bower_components\/Picker\/jquery.fs.picker.js":1,"sites\/maccosmetics\/themes\/mac_base\/js\/bower_components\/jquery.scrollTo\/jquery.scrollTo.js":1,"sites\/maccosmetics\/themes\/mac_base\/js\/bower_components\/addthisevent\/index.js":1,"sites\/maccosmetics\/themes\/mac_base\/js\/bower_components\/isotope\/dist\/isotope.pkgd.min.js":1,"sites\/maccosmetics\/themes\/mac_base\/js\/bower_components\/imagesloaded\/imagesloaded.pkgd.min.js":1,"sites\/maccosmetics\/themes\/mac_base\/js\/bower_components\/sly\/dist\/sly.js":1,"sites\/maccosmetics\/themes\/mac_base\/js\/bower_components\/jquery-mousewheel\/index.js":1,"sites\/maccosmetics\/themes\/mac_base\/js\/bower_components\/tooltipster\/js\/jquery.tooltipster.min.js":1,"sites\/maccosmetics\/themes\/mac_base\/js\/bower_components\/director\/build\/director.min.js":1,"sites\/maccosmetics\/themes\/mac_base\/js\/bower_components\/jqueryui-touch-punch\/jquery.ui.touch-punch.min.js":1,"sites\/maccosmetics\/themes\/mac_base\/js\/bower_components\/moment\/min\/moment-with-locales.min.js":1,"sites\/maccosmetics\/themes\/mac_base\/js\/bower_components\/waypoints\/lib\/jquery.waypoints.js":1,"sites\/maccosmetics\/themes\/mac_base\/js\/bower_components\/mixitup\/build\/jquery.mixitup.min.js":1,"sites\/maccosmetics\/themes\/mac_base\/js\/bower_components\/iframe-resizer\/js\/iframeResizer.min.js":1,"sites\/maccosmetics\/themes\/mac_base\/js\/bower_components\/iframe-resizer\/js\/iframeResizer.contentWindow.min.js":1,"sites\/maccosmetics\/themes\/mac_base\/js\/bower_components\/jquery-placeholder\/jquery.placeholder.min.js":1,"sites\/all\/libraries\/endeca\/js\/_base.js":1,"sites\/maccosmetics\/modules\/custom\/mac_endeca\/js\/generic.js":1,"sites\/all\/libraries\/endeca\/js\/catalog.js":1,"sites\/all\/libraries\/endeca\/js\/catalog\/content.js":1,"sites\/all\/libraries\/endeca\/js\/catalog\/product.js":1,"sites\/all\/libraries\/endeca\/js\/control.js":1,"sites\/all\/libraries\/endeca\/js\/coremetrics.js":1,"sites\/all\/libraries\/endeca\/js\/omniture.js":1,"sites\/maccosmetics\/modules\/custom\/mac_endeca\/js\/meta.js":1,"sites\/all\/libraries\/endeca\/js\/query.js":1,"sites\/all\/libraries\/endeca\/js\/result.js":1,"sites\/all\/libraries\/endeca\/js\/results.js":1,"sites\/all\/libraries\/endeca\/js\/resultsgroup.js":1,"sites\/all\/libraries\/endeca\/js\/mixins\/accordion.js":1,"sites\/all\/libraries\/endeca\/js\/mixins\/delayed-click.js":1,"sites\/all\/libraries\/endeca\/js\/mixins\/links.js":1,"sites\/all\/libraries\/endeca\/js\/mixins\/links\/address.js":1,"sites\/all\/libraries\/endeca\/js\/mixins\/links\/event.js":1,"sites\/all\/libraries\/endeca\/js\/mixins\/no-reset.js":1,"sites\/all\/libraries\/endeca\/js\/mixins\/node-cache.js":1,"sites\/all\/libraries\/endeca\/js\/mixins\/selectbox.js":1,"sites\/all\/libraries\/endeca\/js\/mixins\/summary.js":1,"sites\/all\/libraries\/endeca\/js\/result\/content-drupal.js":1,"sites\/all\/libraries\/endeca\/js\/result\/product.js":1,"sites\/all\/libraries\/endeca\/js\/result\/refinement-additive.js":1,"sites\/all\/libraries\/endeca\/js\/result\/shade.js":1,"sites\/all\/libraries\/endeca\/js\/result\/summary.js":1,"sites\/all\/libraries\/endeca\/js\/results\/breadcrumbs.js":1,"sites\/all\/libraries\/endeca\/js\/results\/bestsellers.js":1,"sites\/all\/libraries\/endeca\/js\/results\/contentzone.js":1,"sites\/all\/libraries\/endeca\/js\/results\/contentzone\/content.js":1,"sites\/all\/libraries\/endeca\/js\/results\/contentzone\/products.js":1,"sites\/all\/libraries\/endeca\/js\/results\/pagination.js":1,"sites\/all\/libraries\/endeca\/js\/results\/products.js":1,"sites\/all\/libraries\/endeca\/js\/results\/recentsearches.js":1,"sites\/all\/libraries\/endeca\/js\/results\/refinements.js":1,"sites\/all\/libraries\/endeca\/js\/results\/sorting.js":1,"sites\/all\/libraries\/endeca\/js\/resultsgroup\/breadcrumbs.js":1,"sites\/all\/libraries\/endeca\/js\/resultsgroup\/contentzones.js":1,"sites\/all\/libraries\/endeca\/js\/resultsgroup\/pagination.js":1,"sites\/all\/libraries\/endeca\/js\/resultsgroup\/refinements.js":1,"sites\/maccosmetics\/themes\/uk\/js\/liveperson\/lpChatV3.min.js":1,"sites\/maccosmetics\/themes\/uk\/js\/liveperson\/mtagconfig.js":1,"sites\/maccosmetics\/libraries\/jquery.address\/jquery.address-1.5.js":1,"sites\/maccosmetics\/modules\/custom\/mac_endeca\/libraries\/endeca_search_brand_config\/result\/product.js":1,"sites\/maccosmetics\/modules\/custom\/mac_endeca\/libraries\/endeca_search_brand_config\/results\/products.js":1,"sites\/maccosmetics\/modules\/custom\/mac_endeca\/libraries\/endeca_search_brand_config\/results\/contentzone\/products.js":1,"sites\/maccosmetics\/modules\/custom\/mac_endeca\/libraries\/endeca_search_brand_config\/configuration.js":1,"sites\/maccosmetics\/modules\/custom\/mac_endeca\/libraries\/endeca_search_brand_config\/coremetrics.js":1,"sites\/maccosmetics\/modules\/custom\/mac_endeca\/libraries\/endeca_search_brand_config\/query.js":1,"sites\/maccosmetics\/modules\/custom\/mac_endeca\/libraries\/predictive_control\/predictive_control.js":1,"sites\/maccosmetics\/modules\/custom\/mac_endeca\/libraries\/predictive_configuration\/predictive_configuration.js":1,"sites\/maccosmetics\/themes\/mac_base\/template_api\/products\/shade_picker_filter_grid_v1\/shade_picker_filter_grid_v1.js":1,"sites\/maccosmetics\/themes\/mac_base\/template_api\/products\/shade_picker_v1\/shade_picker_v1.js":1,"sites\/maccosmetics\/themes\/mac_base\/template_api\/products\/notify_me_v1\/notify_me_v1.js":1,"sites\/maccosmetics\/themes\/mac_base\/template_api\/products\/add_to_favorites_v1\/add_to_favorites_v1.js":1,"sites\/maccosmetics\/themes\/mac_base\/template_api\/collections\/collection_video_player_v1\/collection_video_player_v1.js":1,"sites\/all\/modules\/custom\/elc_phone_order\/phone_order.js":1,"sites\/maccosmetics\/themes\/mac_base\/template_api\/global_navigation\/site_search_v1\/site_search_v1.js":1,"sites\/maccosmetics\/themes\/mac_base\/template_api\/global_navigation\/site_bag_v1\/site_bag_v1.js":1,"sites\/maccosmetics\/themes\/mac_base\/template_api\/global_navigation\/site_my_mac_v1\/site_my_mac_v1.js":1,"sites\/maccosmetics\/themes\/mac_base\/template_api\/global_navigation\/site_my_shades_v1\/site_my_shades_v1.js":1,"sites\/maccosmetics\/themes\/mac_base\/template_api\/global_navigation\/site_email_signup_v1\/site_email_signup_v1.js":1,"sites\/maccosmetics\/themes\/mac_base\/template_api\/global_navigation\/site_banner_v1\/site_banner_v1.js":1,"sites\/maccosmetics\/themes\/mac_base\/template_api\/editorial\/basic_carousel_v1\/basic_carousel_v1.js":1,"sites\/maccosmetics\/themes\/mac_base\/template_api\/global_navigation\/mm_subnav_formatter_v1\/mm_subnav_formatter_v1.js":1,"sites\/maccosmetics\/themes\/mac_base\/template_api\/global_navigation\/mm_formatter_v1\/mm_formatter_v1.js":1,"sites\/maccosmetics\/themes\/mac_base\/template_api\/global_navigation\/footer_top_formatter_v1\/footer_top_formatter_v1.js":1,"sites\/maccosmetics\/themes\/mac_base\/js\/shared\/mac_product_client_core_v1\/product_data.js":1,"sites\/maccosmetics\/themes\/mac_base\/js\/shared\/mac_product_client_core_v1\/product_ui.js":1,"sites\/maccosmetics\/modules\/custom\/mac_product\/libraries\/mac_product_client_framework_v1\/product_product.js":1,"sites\/maccosmetics\/modules\/custom\/mac_product\/libraries\/mac_product_client_framework_v1\/product_modules.js":1,"sites\/maccosmetics\/modules\/custom\/mac_product\/libraries\/mac_product_client_framework_v1\/product_app.js":1,"sites\/maccosmetics\/themes\/mac_base\/js\/gnavdata.js":1,"sites\/maccosmetics\/themes\/mac_base\/js\/shared\/onload_rpc.js":1,"sites\/maccosmetics\/themes\/mac_base\/js\/mac_base.js":1,"sites\/all\/modules\/custom\/elc_media\/js\/youtube_iframe_api.js":1,"sites\/maccosmetics\/themes\/mac_base\/js\/shared\/site\/client_detect_redirect.js":1,"sites\/maccosmetics\/themes\/mac_base\/js\/shared\/site\/client_detect.js":1,"2":1,"sites\/maccosmetics\/libraries\/protocol_switcher\/switch.js":1,"3":1,"sites\/all\/modules\/contrib\/jquery_update\/replace\/jquery\/1.8\/jquery.min.js":1,"misc\/jquery.once.js":1,"sites\/all\/modules\/contrib\/jquery_update\/replace\/ui\/ui\/minified\/jquery.ui.core.min.js":1,"sites\/all\/modules\/contrib\/jquery_update\/replace\/ui\/ui\/minified\/jquery.ui.widget.min.js":1,"misc\/drupal.js":1,"sites\/all\/modules\/contrib\/jquery_update\/replace\/ui\/ui\/minified\/jquery.ui.mouse.min.js":1,"sites\/all\/modules\/contrib\/jquery_update\/replace\/ui\/ui\/minified\/jquery.ui.draggable.min.js":1,"sites\/maccosmetics\/themes\/mac_base\/js\/shared\/external\/polyfill.min.js":1,"sites\/maccosmetics\/themes\/mac_base\/js\/theme_utilities.js":1,"sites\/maccosmetics\/themes\/mac_base\/js\/shared\/site\/sku_partial.js":1,"sites\/all\/modules\/contrib\/jquery_update\/replace\/ui\/ui\/minified\/jquery.effects.core.min.js":1,"sites\/maccosmetics\/themes\/mac_base\/js\/modernizr-custom.js":1,"sites\/all\/modules\/contrib\/jquery_update\/replace\/ui\/ui\/minified\/jquery.effects.slide.min.js":1,"modules\/contextual\/contextual.js":1,"sites\/all\/modules\/contrib\/jquery_update\/replace\/ui\/ui\/minified\/jquery.ui.droppable.min.js":1,"sites\/maccosmetics\/themes\/mac_base\/js\/shared\/site\/direction.js":1,"sites\/maccosmetics\/themes\/uk\/js\/poa.js":1,"sites\/all\/themes\/elc_base\/js\/jquery.placeholder.js":1,"sites\/all\/themes\/elc_base\/js\/scripts.js":1,"sites\/maccosmetics\/themes\/uk\/js\/shared\/delivery.js":1,"sites\/maccosmetics\/themes\/mac_base\/js\/shared\/generic\/init.js":1},"css":{"modules\/system\/system.base.css":1,"misc\/ui\/jquery.ui.core.css":1,"misc\/ui\/jquery.ui.theme.css":1,"modules\/contextual\/contextual.css":1,"sites\/all\/modules\/contrib\/ctools\/css\/ctools.css":1,"sites\/all\/modules\/custom\/elc_common\/css\/elc_common.css":1,"sites\/all\/modules\/custom\/elc_phone_order\/phone_order.css":1,"sites\/all\/themes\/elc_base\/css\/styles.css":1,"sites\/all\/themes\/elc_base\/css\/error_message.css":1,"sites\/maccosmetics\/themes\/mac_base\/js\/bower_components\/Picker\/jquery.fs.picker.css":1,"sites\/maccosmetics\/themes\/mac_base\/js\/bower_components\/chosen\/chosen.css":1,"sites\/maccosmetics\/themes\/mac_base\/js\/bower_components\/slick.js\/slick\/slick.css":1,"sites\/maccosmetics\/themes\/mac_base\/js\/bower_components\/tooltipster\/css\/tooltipster.css":1,"sites\/maccosmetics\/themes\/uk\/css\/bt.css":1,"sites\/maccosmetics\/themes\/uk\/css\/uk_print.css":1,"sites\/maccosmetics\/themes\/uk\/css\/uk_pc_1.css":1,"sites\/maccosmetics\/themes\/uk\/css\/uk_pc_2.css":1,"sites\/maccosmetics\/themes\/uk\/css\/uk_pc_3.css":1,"sites\/maccosmetics\/themes\/uk\/css\/uk_pc_4.css":1}},"elc_common":{"en_GB_url":"collections-mac-makeup-art-cosmetics","last-modified-date":"Mar-01-2017 11:55:am"},"perlgem":{"pg_reqs":"brand_id=1\u0026region_id=1\u0026prodcat_region_id=2001\u0026language_id=48\u0026","pg_headers":{"Host":"www.maccosmetics.co.uk","user_agent":"Drupal (+http:\/\/drupal.org\/)"}},"mac":{"host":"www.maccosmetics.co.uk"},"globals_variables":{"display_notify_tos":"1","display_notify_cs":"1","display_ppu_price":"1","disable_buzzword":"1","display_name_short":"1","display_size":"1","display_share":[{"class":"email","icon":"envelope"},{"class":"facebook"},{"class":"twitter"},{"class":"pinterest"}]},"endeca":{"ports":{"mdex":26060,"log":26064},"locale":"en_GB"},"productAppTemplates":{"organisms-product":"product_v1","molecules_product_detail":"product_detail_v1","molecules_shade_picker":"shade_picker_v1","molecules_shade_picker_filter_grid":"shade_picker_filter_grid_v1","molecules_add_to_bag_bar":"add_to_bag_bar_v1","molecules_add_to_favorites":"add_to_favorites_v1","molecules_inventory_status":"inventory_status_v1","molecules_pinterest_tags":"spp_pinterest_tags_v1","molecules_spp_share":"spp_share_v1","notify_me":"notify_me_v1"},"googlemaps":{"infobox":"\/sites\/maccosmetics\/libraries\/infobox\/infobox_packed.js"}});</script>
      </head>
  <body class="html not-front not-logged-in no-sidebars page-node page-node- page-node-70870 node-type-page domain-uk js-product-app i18n-en-e-UK no-tabs ecommerce section-collections-mac-makeup-art-cosmetics top-header device-pc prod">
        
<script type="text/javascript" language="JavaScript">
    if (typeof tms_page_data =='object'){
        tms_page_data['tms_page_info'] =  {"MOBILE_CONTENT":0,"page_name":{"pageID":"Make-Up Art Cosmetics Collection Page","categoryName":"Collections","pageType":"Collections","categoryID":"Collections"},"BRAND_LOCALE":"Mac::GlobalServices_UK_MS_UK","TAG_LOCALE":"en_GB","current_group":null,"current_page":null,"MOBILE":0,"user_info":null,"site_info":{"COUNTRY_ID":"UK","LOCALE":"en_GB","DEFAULT_LANG":"en","DEFAULT_LOCALE":"en_US","LANGUAGE_ID":"en","REGION_ID":"GB","BRAND_ID":"Mac","PRODCAT_REGION_ID":2001}};
    }else{
        var tms_page_data = {"tms_page_info":{"MOBILE_CONTENT":0,"page_name":{"pageID":"Make-Up Art Cosmetics Collection Page","categoryName":"Collections","pageType":"Collections","categoryID":"Collections"},"BRAND_LOCALE":"Mac::GlobalServices_UK_MS_UK","TAG_LOCALE":"en_GB","current_group":null,"current_page":null,"MOBILE":0,"user_info":null,"site_info":{"COUNTRY_ID":"UK","LOCALE":"en_GB","DEFAULT_LANG":"en","DEFAULT_LOCALE":"en_US","LANGUAGE_ID":"en","REGION_ID":"GB","BRAND_ID":"Mac","PRODCAT_REGION_ID":2001}}};
    }
    if (typeof drupal_user_info=='object' && typeof tms_page_data =='object'){
        tms_page_data.tms_page_info.user_info = drupal_user_info; 
    }
</script>


        

<nav id="mobile-navigation" class="mobile-navigation" role="navigation">
  <div class="site-navigation">
    <div class="block block-nodeblock block-nodeblock-680 block-nodeblock-1788">
      <div class="content">  <div id="node-1788" class="node node-menu no-sidebars clearfix" role="article" trackname="Main Navigation - Mobile|Main Navigation - Mobile|candy confessions">

  
      
  
  <div class="content">
    <div class="field-menu">
             <ul class="menu"><li class="first expanded menu-mlid-5aa7ab65-9c66-11e6-80f7-0050569a5df7"><a href="http://www.maccosmetics.co.uk/collections">What&#039;s New<span class="icon"></span></a><div class="menu-container depth-1"><ul class="menu"><li class="first last leaf menu-mlid-5a978123-9c67-11e6-80f7-0050569a5df7 expanded menu-item-container" tabindex="0">(see node/1968)<div class="menu-container depth-2"></div></li></ul></div></li>
<li class="menu-mlid-c8963eeb-775c-11e5-be2f-288023a13fb4"><a href="http://www.maccosmetics.co.uk/bestsellers">Bestsellers<span class="icon"></span></a></li>
<li class="expanded menu-mlid-822e2e9e-be9c-11e4-8abe-000c29cc69ea expanded menu-item-container" tabindex="0">Products<div class="menu-container depth-1"><ul class="menu"><li class="first expanded menu-mlid-9dd75375-84b8-11e6-89f9-288023a13fb4 expanded menu-item-container" tabindex="0">Trending Now<div class="menu-container depth-2"><ul class="menu"><li class="first menu-mlid-235832f7-e708-11e6-80f7-0050569a5df7"><a href="http://www.maccosmetics.co.uk/trending-now-stripped-naked">Nude Lip Kits<span class="icon"></span></a></li>
<li class="menu-mlid-e08bf91a-8b09-11e6-80f7-0050569a5df7"><a href="http://www.maccosmetics.co.uk/trending-now-matte-lips">Matte Lips<span class="icon"></span></a></li>
<li class="menu-mlid-087d77a8-8689-11e6-89f9-288023a13fb4"><a href="http://www.maccosmetics.co.uk/trending-now-metallic-lips">Metallic Lips<span class="icon"></span></a></li>
<li class="last menu-mlid-28cf7ecb-8687-11e6-89f9-288023a13fb4"><a href="http://www.maccosmetics.co.uk/collections-candy-confessions">Valentine&#039;s Day<span class="icon"></span></a></li>
</ul></div></li><li class="expanded menu-mlid-926dd278-be9c-11e4-8abe-000c29cc69ea expanded menu-item-container" tabindex="0">Makeup<div class="menu-container depth-2"><ul class="menu"><li class="first expanded menu-mlid-01d98870-be9b-11e4-8abe-000c29cc69ea expanded menu-item-container" tabindex="0">Eyes<div class="menu-container depth-3"><ul class="menu"><li class="first collapsed menu-mlid-186f94a4-b6d9-11e4-8abe-000c29cc69ea"><a href="http://www.maccosmetics.co.uk/products/13840/Products/Makeup/Eyes/Shadow">Shadow<span class="icon"></span></a></li>
<li class="menu-mlid-b4789280-bb96-11e4-8abe-000c29cc69ea"><a href="http://www.maccosmetics.co.uk/products/13835/Products/Makeup/Eyes/Eye-Palettes-Kits">Eye Palettes + Kits<span class="icon"></span></a></li>
<li class="collapsed menu-mlid-39595ae2-b6d9-11e4-8abe-000c29cc69ea"><a href="http://www.maccosmetics.co.uk/products/13838/Products/Makeup/Eyes/Liner">Liner<span class="icon"></span></a></li>
<li class="menu-mlid-370eeab6-f826-11e4-bc94-0050569a2719"><a href="http://www.maccosmetics.co.uk/products/13839/Products/Makeup/Eyes/Mascara">Mascara<span class="icon"></span></a></li>
<li class="collapsed menu-mlid-4471de68-b6d9-11e4-8abe-000c29cc69ea"><a href="http://www.maccosmetics.co.uk/products/13834/Products/Makeup/Eyes/Brow">Brow<span class="icon"></span></a></li>
<li class="menu-mlid-517e2ea4-b6d9-11e4-8abe-000c29cc69ea"><a href="http://www.maccosmetics.co.uk/products/13837/Products/Makeup/Eyes/Lash">Lash<span class="icon"></span></a></li>
<li class="last menu-mlid-04a4976c-b6d9-11e4-8abe-000c29cc69ea"><a href="http://www.maccosmetics.co.uk/products/14756/Products/Makeup/Eyes/Eye-Primer">Eye Primer<span class="icon"></span></a></li>
</ul></div></li><li class="leaf menu-mlid-a6655dfc-b6d9-11e4-8abe-000c29cc69ea expanded menu-item-container" tabindex="0">Lips<div class="menu-container depth-3"><ul class="menu"><li class="first menu-mlid-b4047646-b6d9-11e4-8abe-000c29cc69ea"><a href="http://www.maccosmetics.co.uk/products/13854/Products/Makeup/Lips/Lipstick">Lipstick<span class="icon"></span></a></li>
<li class="menu-mlid-95558892-bb99-11e4-8abe-000c29cc69ea"><a href="http://www.maccosmetics.co.uk/products/13853/Products/Makeup/Lips/Lip-Gloss">Lip Gloss<span class="icon"></span></a></li>
<li class="collapsed menu-mlid-7afd6d5e-bb97-11e4-8abe-000c29cc69ea"><a href="http://www.maccosmetics.co.uk/products/13852/Products/Makeup/Lips/Lip-Pencil">Lip Pencil<span class="icon"></span></a></li>
<li class="menu-mlid-76f215c8-bb99-11e4-8abe-000c29cc69ea"><a href="http://www.maccosmetics.co.uk/products/14766/Products/Makeup/Lips/Lip-Care-Primer">Lip Care + Primer<span class="icon"></span></a></li>
<li class="last menu-mlid-f1f8ee40-bb99-11e4-8abe-000c29cc69ea"><a href="http://www.maccosmetics.co.uk/products/13851/Products/Makeup/Lips/Lip-Palettes-Kits">Lip Palettes + Kits<span class="icon"></span></a></li>
</ul></div></li><li class="expanded menu-mlid-1aca69f2-bb9a-11e4-8abe-000c29cc69ea expanded menu-item-container" tabindex="0">Face<div class="menu-container depth-3"><ul class="menu"><li class="first menu-mlid-3bf9e706-bb9a-11e4-8abe-000c29cc69ea"><a href="http://www.maccosmetics.co.uk/products/13847/Products/Makeup/Face/Foundation">Foundation<span class="icon"></span></a></li>
<li class="menu-mlid-65b88656-bb9a-11e4-8abe-000c29cc69ea"><a href="http://www.maccosmetics.co.uk/products/13849/Products/Makeup/Face/Powder">Powder<span class="icon"></span></a></li>
<li class="collapsed menu-mlid-9495c954-b6d9-11e4-8abe-000c29cc69ea"><a href="http://www.maccosmetics.co.uk/products/13842/Products/Makeup/Face/Blush">Blush<span class="icon"></span></a></li>
<li class="menu-mlid-b236a30a-bb9a-11e4-8abe-000c29cc69ea"><a href="http://www.maccosmetics.co.uk/products/13844/Products/Makeup/Face/Concealer">Concealer<span class="icon"></span></a></li>
<li class="menu-mlid-ea8176f4-bb9a-11e4-8abe-000c29cc69ea"><a href="http://www.maccosmetics.co.uk/products/14764/Products/Makeup/Face/Face-Primer">Face Primer<span class="icon"></span></a></li>
<li class="menu-mlid-000318de-bb9b-11e4-8abe-000c29cc69ea"><a href="http://www.maccosmetics.co.uk/products/13848/Products/Makeup/Face/Multi-Use">Multi-use<span class="icon"></span></a></li>
<li class="menu-mlid-21087d4e-bb9b-11e4-8abe-000c29cc69ea"><a href="http://www.maccosmetics.co.uk/products/14765/Products/Makeup/Face/BB-CC">BB + CC<span class="icon"></span></a></li>
<li class="last menu-mlid-1019ebd0-f827-11e4-bc94-0050569a2719"><a href="http://www.maccosmetics.co.uk/products/13845/Products/Makeup/Face/Face-Kits">Face Palettes + Kits<span class="icon"></span></a></li>
</ul></div></li><li class="leaf menu-mlid-36031880-bb9b-11e4-8abe-000c29cc69ea expanded menu-item-container" tabindex="0">Nails<div class="menu-container depth-3"><ul class="menu"><li class="first last menu-mlid-163eb888-bba0-11e4-8abe-000c29cc69ea"><a href="http://www.maccosmetics.co.uk/products/13855/Products/Makeup/Nails">Lacquer<span class="icon"></span></a></li>
</ul></div></li><li class="leaf menu-mlid-32ffbd14-bba0-11e4-8abe-000c29cc69ea expanded menu-item-container" tabindex="0">Pro Products<div class="menu-container depth-3"><ul class="menu"><li class="first collapsed menu-mlid-575b885a-bba0-11e4-8abe-000c29cc69ea"><a href="http://www.maccosmetics.co.uk/products/14767/Products/Makeup/Pro-Products/Eyes">Eyes<span class="icon"></span></a></li>
<li class="menu-mlid-7f054382-bba0-11e4-8abe-000c29cc69ea"><a href="http://www.maccosmetics.co.uk/products/14768/Products/Makeup/Pro-Products/Lips">Lips<span class="icon"></span></a></li>
<li class="collapsed menu-mlid-63af926a-bba3-11e4-8abe-000c29cc69ea"><a href="http://www.maccosmetics.co.uk/products/14769/Products/Makeup/Pro-Products/Face">Face<span class="icon"></span></a></li>
<li class="last menu-mlid-533848b2-bba5-11e4-8abe-000c29cc69ea"><a href="http://www.maccosmetics.co.uk/products/14770/Products/Makeup/Pro-Products/Multi-Use">Multi-Use<span class="icon"></span></a></li>
</ul></div></li><li class="last menu-mlid-2f598011-d65b-11e5-be2f-288023a13fb4"><a href="http://www.maccosmetics.co.uk/products/17307/Products/Goodbyes/All-Products">Goodbyes<span class="icon"></span></a></li>
</ul></div></li><li class="expanded menu-mlid-c9f15872-bba5-11e4-8abe-000c29cc69ea expanded menu-item-container" tabindex="0">Primer + Skincare<div class="menu-container depth-2"><ul class="menu"><li class="first menu-mlid-13b701be-bba6-11e4-8abe-000c29cc69ea"><a href="http://www.maccosmetics.co.uk/products/13826/Products/Primer-Skincare/Removers">Removers<span class="icon"></span></a></li>
<li class="menu-mlid-251cd3a2-bba6-11e4-8abe-000c29cc69ea"><a href="http://www.maccosmetics.co.uk/products/13824/Products/Primer-Skincare/Moisturizers">Moisturizers<span class="icon"></span></a></li>
<li class="collapsed menu-mlid-7f7b40ce-bb95-11e4-8abe-000c29cc69ea"><a href="http://www.maccosmetics.co.uk/products/13825/Products/Primer-Skincare/Primers">Primers<span class="icon"></span></a></li>
<li class="menu-mlid-92e822a6-d43e-11e6-80f7-0050569a5df7"><a href="http://www.maccosmetics.co.uk/products/14766/Products/Makeup/Lips/Lip-Care-Primer">Lip Care + Primer<span class="icon"></span></a></li>
<li class="menu-mlid-949b3ebc-bba6-11e4-8abe-000c29cc69ea"><a href="http://www.maccosmetics.co.uk/products/14771/Products/Primer-Skincare/BB-CC">BB + CC<span class="icon"></span></a></li>
<li class="last menu-mlid-a6426766-bba7-11e4-8abe-000c29cc69ea"><a href="http://www.maccosmetics.co.uk/products/13827/Products/Primer-Skincare/Travel-Size">Travel Size<span class="icon"></span></a></li>
</ul></div></li><li class="expanded menu-mlid-fcd02384-bba7-11e4-8abe-000c29cc69ea expanded menu-item-container" tabindex="0">Brushes + Tools<div class="menu-container depth-2"><ul class="menu"><li class="first leaf menu-mlid-79f5ecfe-bba8-11e4-8abe-000c29cc69ea expanded menu-item-container" tabindex="0">Brushes<div class="menu-container depth-3"><ul class="menu"><li class="first menu-mlid-ab5ab400-bba8-11e4-8abe-000c29cc69ea"><a href="http://www.maccosmetics.co.uk/products/13804/Products/Brushes-Tools/Brushes/Eye-Brushes">Eye Brushes<span class="icon"></span></a></li>
<li class="collapsed menu-mlid-c9335cfc-bba8-11e4-8abe-000c29cc69ea"><a href="http://www.maccosmetics.co.uk/products/13806/Products/Brushes-Tools/Brushes/Lip-Brushes">Lip Brushes<span class="icon"></span></a></li>
<li class="collapsed menu-mlid-e99f28b8-bba8-11e4-8abe-000c29cc69ea"><a href="http://www.maccosmetics.co.uk/products/13805/Products/Brushes-Tools/Brushes/Face-Brushes">Face Brushes<span class="icon"></span></a></li>
<li class="last menu-mlid-1492028e-bba9-11e4-8abe-000c29cc69ea"><a href="http://www.maccosmetics.co.uk/products/13802/Products/Brushes-Tools/Brushes/All-Brushes">All Brushes<span class="icon"></span></a></li>
</ul></div></li><li class="leaf menu-mlid-27f3d226-bba9-11e4-8abe-000c29cc69ea expanded menu-item-container" tabindex="0">Tools<div class="menu-container depth-3"><ul class="menu"><li class="first menu-mlid-45c8b230-bba9-11e4-8abe-000c29cc69ea"><a href="http://www.maccosmetics.co.uk/modular-pro-palette">Pro Palette<span class="icon"></span></a></li>
<li class="menu-mlid-9765be26-bba9-11e4-8abe-000c29cc69ea"><a href="http://www.maccosmetics.co.uk/products/13813/Products/Brushes-Tools/Tools/Containers">Containers<span class="icon"></span></a></li>
<li class="collapsed menu-mlid-bab34948-bba9-11e4-8abe-000c29cc69ea"><a href="http://www.maccosmetics.co.uk/products/13811/Products/Brushes-Tools/Tools/Applicators">Applicators<span class="icon"></span></a></li>
<li class="menu-mlid-83ded146-b6d9-11e4-8abe-000c29cc69ea"><a href="http://www.maccosmetics.co.uk/products/14327/Products/Brushes-Tools/Tools/Accessories">Accessories<span class="icon"></span></a></li>
<li class="last menu-mlid-e1d38920-bba9-11e4-8abe-000c29cc69ea"><a href="http://www.maccosmetics.co.uk/products/13812/Products/Brushes-Tools/Tools/Bags">Bags<span class="icon"></span></a></li>
</ul></div></li><li class="last expanded menu-mlid-a76db9a2-f828-11e4-bc94-0050569a2719 expanded menu-item-container" tabindex="0">Pro Products<div class="menu-container depth-3"><ul class="menu"><li class="first last menu-mlid-fecec286-f828-11e4-bc94-0050569a2719"><a href="http://www.maccosmetics.co.uk/products/14773/Products/Brushes-Tools/Pro-Products/Brushes-Tools">Brushes + Tools<span class="icon"></span></a></li>
</ul></div></li></ul></div></li><li class="expanded menu-mlid-3af9b914-bbac-11e4-8abe-000c29cc69ea expanded menu-item-container" tabindex="0">Fragrance<div class="menu-container depth-2"><ul class="menu"><li class="first menu-mlid-aee3661c-b59b-11e6-80f7-0050569a5df7"><a href="http://www.maccosmetics.co.uk/shadescents-fragrance">Shadescents<span class="icon"></span></a></li>
<li class="menu-mlid-8434bec6-bbac-11e4-8abe-000c29cc69ea"><a href="http://www.maccosmetics.co.uk/products/13815/Products/Fragrance/Turquatic">Turquatic<span class="icon"></span></a></li>
<li class="last menu-mlid-406e0e70-ec41-11e5-89f9-288023a13fb4"><a href="http://www.maccosmetics.co.uk/products/16346/Products/Fragrance/Air-of-Style">Air of Style<span class="icon"></span></a></li>
</ul></div></li><li class="expanded menu-mlid-f0d160ac-b6d9-11e4-8abe-000c29cc69ea expanded menu-item-container" tabindex="0">VIPs<div class="menu-container depth-2"><ul class="menu"><li class="first menu-mlid-f719350e-7f14-11e5-be2f-288023a13fb4"><a href="http://www.maccosmetics.co.uk/products/14779/Products/VIPS/Lightful-C">Lightful C<span class="icon"></span></a></li>
<li class="menu-mlid-04474ad4-7f15-11e5-be2f-288023a13fb4"><a href="http://www.maccosmetics.co.uk/products/14776/Products/VIPS/Mineralize">Mineralize<span class="icon"></span></a></li>
<li class="menu-mlid-162d94f8-7f15-11e5-be2f-288023a13fb4"><a href="http://www.maccosmetics.co.uk/products/14778/Products/VIPS/Prep-Prime">Prep + Prime<span class="icon"></span></a></li>
<li class="menu-mlid-232d3623-7f15-11e5-be2f-288023a13fb4"><a href="http://www.maccosmetics.co.uk/products/14777/Products/VIPS/Pro-Longwear">Pro Longwear<span class="icon"></span></a></li>
<li class="last menu-mlid-282091da-7f15-11e5-be2f-288023a13fb4"><a href="http://www.maccosmetics.co.uk/products/14775/Products/VIPS/Studio">Studio<span class="icon"></span></a></li>
</ul></div></li><li class="last leaf menu-mlid-4649c892-64f6-11e5-be2f-288023a13fb4 expanded menu-item-container" tabindex="0">Gift Cards<div class="menu-container depth-2"><ul class="menu"><li class="first collapsed menu-mlid-bc0b4004-bbac-11e4-8abe-000c29cc69ea"><a href="http://www.maccosmetics.co.uk/giftcards">Gift Cards<span class="icon"></span></a></li>
<li class="menu-mlid-eb31108a-b6d8-11e4-8abe-000c29cc69ea"><a href="http://www.maccosmetics.co.uk/egiftcards">EGift Cards<span class="icon"></span></a></li>
<li class="menu-mlid-7a0ce05f-775a-11e5-be2f-288023a13fb4"><a href="http://www.maccosmetics.co.uk/giftcards/balance.tmpl">Check Balance<span class="icon"></span></a></li>
<li class="last menu-mlid-a8e6a255-775c-11e5-be2f-288023a13fb4"><a href="http://www.maccosmetics.co.uk/giftcards/faq">About Gift Cards<span class="icon"></span></a></li>
</ul></div></li></ul></div></li><li class="expanded menu-mlid-cc2e28ca-bbac-11e4-8abe-000c29cc69ea expanded menu-item-container" tabindex="0">Artistry<div class="menu-container depth-1"><ul class="menu"><li class="first menu-mlid-13299012-4d9a-11e5-be2f-288023a13fb4"><a href="http://www.maccosmetics.co.uk/artistry-all-artists">The Artists<span class="icon"></span></a></li>
<li class="last menu-mlid-fa1b7c4c-bbac-11e4-8abe-000c29cc69ea"><a href="http://www.maccosmetics.co.uk/artistry-all-artists-videos">Videos<span class="icon"></span></a></li>
</ul></div></li><li class="menu-mlid-c9304284-b6d9-11e4-8abe-000c29cc69ea"><a href="http://www.maccosmetics.co.uk/culture">Culture<span class="icon"></span></a></li>
<li class="last collapsed menu-mlid-795ca1ae-728f-11e5-be2f-288023a13fb4"><a href="http://www.maccosmetics.co.uk/stores">Stores<span class="icon"></span></a></li>
</ul>       </div>  </div>

  
  
</div>
  </div></div>
<div class="block block-nodeblock block-nodeblock-1968 block-nodeblock-14620">
      <div class="content">  <div id="node-14620" class="node node-elc-nodeblock no-sidebars clearfix" role="article" trackname="Main Navigation - Mobile - What&#039;s New items">
  <div class="content">
      </div>
</div>

  </div></div>
  </div>
</nav>
<header id="site-header" class="site-header">
  
  <div class="site-header__fixed-wrapper" style="overflow: visible !important; min-height: 60px !important">
          <div class="block block-nodeblock block-nodeblock-22070 block-nodeblock-22070 block-template-site-banner-v1">
      <div class="content">  <div id="node-22070" class="node node-elc-nodeblock no-sidebars clearfix" role="article" trackname="Sitewide Banner - PC - US|Sitewide Banner - PC - US|versicolour trio">
  <div class="content">
    
  <div class="site-banner-v1 site-banner site-banner__enabled site-banner__non-pro-user hidden" style="">
  <div class="site-banner-copy">
    <p>Versicolour Lip Kits for only £29 each (£63 value)! – <a href="http://www.maccosmetics.co.uk/product/13851/48082/products/makeup/lips/lip-palettes-kits/versicolour-lip-kit">SHOP NOW</a></p>

    <div class="site-banner-close js-close-site-banner">
      <i class="icon--remove"></i>
    </div>
  </div>
</div>
<div class="site-banner-v1 site-banner site-banner__enabled site-banner__pro-user hidden" style="">
  <div class="site-banner-copy">
    <p>Sample a Free M·A·C Must-Have With EVERY Order – <a href="http://www.maccosmetics.co.uk/bestsellers">SHOP NOW</a></p>
    <div class="site-banner-close js-close-site-banner">
      <i class="icon--remove"></i>
    </div>
  </div>
</div>
<div class="site-banner-v1 site-banner site-banner__enabled site-banner__loyalty-tier-1 hidden" style="">
  <div class="site-banner-copy">
      
    <div class="site-banner-close js-close-site-banner">
      <i class="icon--remove"></i>
    </div>
  </div>
</div>
<div class="site-banner-v1 site-banner site-banner__enabled site-banner__loyalty-tier-2 hidden" style="">
  <div class="site-banner-copy">
      
    <div class="site-banner-close js-close-site-banner">
      <i class="icon--remove"></i>
    </div>
  </div>
</div>
<div class="site-banner-v1 site-banner site-banner__enabled site-banner__loyalty-tier-3 hidden" style="">
  <div class="site-banner-copy">
      
    <div class="site-banner-close js-close-site-banner">
      <i class="icon--remove"></i>
    </div>
  </div>
</div>  </div>
</div>

  </div></div>
        <div class="site-header__container responsive-container">
      <div class="site-header__prefix">
              <div class="block block-nodeblock block-nodeblock-36 block-nodeblock-660 block-template-site-logo-v1">
      <div class="content">  <div id="node-660" class="node node-elc-nodeblock no-sidebars clearfix" role="article" trackname="Header - Logo">
  <div class="content">
    
  <!-- #cms-api-section: site_logo --><h1 class="site-logo">
  <a href="http://www.maccosmetics.co.uk/" title="Home" class="site-logo__image"
     style="background-image: url(http://www.maccosmetics.co.uk/media/dev/global/site-logo.svg);">
    MAC Cosmetics - Official Site</a>
  <a href="http://www.maccosmetics.co.uk/" title="Home" class="site-logo__image no-svg"
     style="background-image: none, url(http://www.maccosmetics.co.uk/media/dev/global/site-logo.png);">
    MAC Cosmetics - Official Site</a>
</h1>
<!-- /#cms-api-section: site_logo -->  </div>
</div>

  </div></div>
            </div> <!-- /site-header__prefix -->

      <div class="site-header__menu">
              <nav id="site-navigation" class="site-navigation" role="navigation">
          <div class="block block-nodeblock block-nodeblock-20 block-nodeblock-630">
      <div class="content">  <div id="node-630" class="node node-collection no-sidebars clearfix" role="article" trackname="Main Navigation|Main Navigation">

  
      
  
  <div class="content">
    <div class="field-collection-slides">
             <ul class="site-navigation__menu main-menu" data-more-text="More">
    <div id="node-612" class="node node-elc-nodeblock no-sidebars clearfix" role="article" trackname="Main Navigation - What&#039;s New">
  <div class="content">
    
  <li class="mm-item-v1 site-navigation__item is-dropdown is-carousel">
  <a href="http://www.maccosmetics.co.uk/" class="site-navigation__link">What&#039;s New</a>
    <div class="site-navigation__carousel">
    <div id="node-610" class="node node-elc-nodeblock no-sidebars clearfix" role="article" trackname="Main Navigation - Carousel - What&#039;s New|Main Navigation - Carousel - What&#039;s New|collection work 210217">
  <div class="content">
    
  <div class="basic-carousel-v1 basic-carousel carousel
  
  
  
  
  "
  >
  <ul
     data-slides-show="5"
     data-slides-scroll="1"
    
     data-lazyload="progressive"
  >
      <li class="carousel-slide">
      <div class="mm-carousel-item-v1 mm-carousel-item block-image-hover" data-clickable="/collections-colour-rocker">
  <h3 class="block-image-hover__title"><span class="block-image-hover__title-inner">COLOUR ROCKER</span></h3>

  <div class="block-image-hover__image">
    <img src="http://www.maccosmetics.co.uk/media/export/cms/collections/colour_rocker/colourrocker_whats_new_640x640.jpg" />
  </div>

  <div class="block-image-hover__content">
    <p class="block-image-hover__excerpt">Matte lipsticks to rock out with.</p>
    <span class="block-image-hover__link">Shop Collection</span>
  </div>
</div>

      </li>
      <li class="carousel-slide">
      <div class="mm-carousel-item-v1 mm-carousel-item block-image-hover" data-clickable="/collections-mac-kiesza">
  <h3 class="block-image-hover__title"><span class="block-image-hover__title-inner">M·A·C KIESZA</span></h3>

  <div class="block-image-hover__image">
    <img src="http://www.maccosmetics.co.uk/media/export/cms/collections/kiesza/kiesza_whats_new_384x384.jpg" />
  </div>

  <div class="block-image-hover__content">
    <p class="block-image-hover__excerpt">The singer-songwriter introduces her newest instant hit: a collaboration with M·A·C!</p>
    <span class="block-image-hover__link">Shop Now</span>
  </div>
</div>

      </li>
      <li class="carousel-slide">
      <div class="mm-carousel-item-v1 mm-carousel-item block-image-hover" data-clickable="/collections-viva-glam-taraji">
  <h3 class="block-image-hover__title"><span class="block-image-hover__title-inner">VIVA GLAM TARAJI P. HENSON</span></h3>

  <div class="block-image-hover__image">
    <img src="http://www.maccosmetics.co.uk/media/export/cms/collections/vivaglamtaraji/vivaglamtaraji_whats_new_640x640.jpg" />
  </div>

  <div class="block-image-hover__content">
    <p class="block-image-hover__excerpt">Power! Poise! Pizzazz! Do it the Taraji P. Henson and Jussie Smollett way.</p>
    <span class="block-image-hover__link">Shop Collection</span>
  </div>
</div>

      </li>
      <li class="carousel-slide">
      <div class="mm-carousel-item-v1 mm-carousel-item block-image-hover" data-clickable="/collections-retro-matte#show-lineup">
  <h3 class="block-image-hover__title"><span class="block-image-hover__title-inner">M∙A∙C RETRO MATTE</span></h3>

  <div class="block-image-hover__image">
    <img src="http://www.maccosmetics.co.uk/media/export/cms/collections/mac_retro_matte/retromatte_whats_new_640x640.jpg" />
  </div>

  <div class="block-image-hover__content">
    <p class="block-image-hover__excerpt">Our fan-favourite liquid lipstick is back in eight new saturated shades.</p>
    <span class="block-image-hover__link">Shop Collection</span>
  </div>
</div>

      </li>
      <li class="carousel-slide">
      <div class="mm-carousel-item-v1 mm-carousel-item block-image-hover" data-clickable="/collections-mac-makeup-art-cosmetics#show-lineup">
  <h3 class="block-image-hover__title"><span class="block-image-hover__title-inner">M·A·C MAKEUP ART COSMETICS</span></h3>

  <div class="block-image-hover__image">
    <img src="http://www.maccosmetics.co.uk/media/export/cms/collections/makeupartcosmetics/Copy of makeupartcosmetics_whats_new_640x640.jpg" />
  </div>

  <div class="block-image-hover__content">
    <p class="block-image-hover__excerpt">M·A·C teams up with three makeup maestros: Diane Kendal, James Kaliardos and Kabuki.</p>
    <span class="block-image-hover__link">Shop Collection</span>
  </div>
</div>

      </li>
  </ul>
  <div class="carousel-controls">
    <a href="http://www.maccosmetics.co.uk/collections" class="btn btn--light btn--small btn--clear-bg">See All Collections</a>
  </div>
</div>
  </div>
</div>


    </div>
</li>
  </div>
</div>


    <div id="node-618" class="node node-elc-nodeblock no-sidebars clearfix" role="article" trackname="Main Navigation - Products">
  <div class="content">
    
  <li class="mm-item-v1 site-navigation__item is-dropdown">
  <a href="http://www.maccosmetics.co.uk/" class="site-navigation__link">Products</a>
    
    <div id="node-616" class="node node-elc-nodeblock no-sidebars clearfix" role="article" trackname="Main Navigation - Submenu - Products|Main Navigation - Submenu - Products">
  <div class="content">
    
  <ul class="mm-subnav-formatter-v1 site-navigation__menu">
    <li class="mm-subnav-item-v1 site-navigation__item subnav is-submenu">
  <a href="http://www.maccosmetics.co.uk/" class="site-navigation__link">TRENDING NOW</a>
  <div class="site-navigation__submenu">
    <div class="site-navigation__submenu-col">
	<ul><li><a href="http://www.maccosmetics.co.uk/trending-now-stripped-naked">Nude Lip Kits</a></li>
			<li><a href="http://www.maccosmetics.co.uk/trending-now-matte-lips">Matte Lips</a></li>
		<li><a href="http://www.maccosmetics.co.uk/trending-now-metallic-lips">Metallic Lips</a></li>
	</ul></div>
<p> </p>


    <div class="site-navigation__submenu-col">
      <div id="node-61186" class="node node-elc-nodeblock no-sidebars clearfix" role="article" trackname="Main Navigation - Trending Now - Gift Card Tout|Main Navigation - Trending Now - Gift Card Tout | Tout | Gift Card|trending now">
  <div class="content">
    
  <!-- #cms-api-section: mm_subnav_tout --><div class="mm-subnav-tout-v1 site-navigation__submenu-tout">
  <a href="http://www.maccosmetics.co.uk/giftcards" >
    <img class="site-navigation__submenu-tout-image" src="http://www.maccosmetics.co.uk/media/export/cms/Touts/GNAV_1944_GiftCard_US.jpg" alt="GIVE THE GIFT OF GLAMOUR&lt;br&gt;WITH M·A·C GIFT CARDS" />
    <div class="site-navigation__submenu-tout-label">GIVE THE GIFT OF GLAMOUR<br>WITH M·A·C GIFT CARDS</div>
  </a>
</div>
<!-- /#cms-api-section: mm_subnav_tout -->  </div>
</div>



    </div>
  </div>
</li>

    <li class="mm-subnav-item-v1 site-navigation__item subnav is-submenu">
  <a href="http://www.maccosmetics.co.uk/" class="site-navigation__link">Makeup</a>
  <div class="site-navigation__submenu">
    <div class="site-navigation__submenu-col">
  <h3>Eyes</h3>
  <ul><li><a href="http://www.maccosmetics.co.uk/products/13840/Products/Makeup/Eyes/Shadow">Shadow</a></li>
    <li><a href="http://www.maccosmetics.co.uk/products/13835/Products/Makeup/Eyes/Eye-Palettes-Kits">Eye Palettes + Kits</a></li>
    <li><a href="http://www.maccosmetics.co.uk/products/13838/Products/Makeup/Eyes/Liner">Liner</a></li>
    <li><a href="http://www.maccosmetics.co.uk/products/13839/Products/Makeup/Eyes/Mascara">Mascara</a></li>
    <li><a href="http://www.maccosmetics.co.uk/products/13834/Products/Makeup/Eyes/Brow">Brow</a></li>
    <li><a href="http://www.maccosmetics.co.uk/products/13837/Products/Makeup/Eyes/Lash">Lash</a></li>
    <li><a href="http://www.maccosmetics.co.uk/products/14756/Products/Makeup/Eyes/Eye-Primer">Eye Primer</a></li>
  </ul></div>
<div class="site-navigation__submenu-col">
  <h3>Lips</h3>
  <ul><li><a href="http://www.maccosmetics.co.uk/products/13854/Products/Makeup/Lips/Lipstick">Lipstick</a></li>
    <li><a href="http://www.maccosmetics.co.uk/products/13853/Products/Makeup/Lips/Lip-Gloss">Lip Gloss</a></li>
    <li><a href="http://www.maccosmetics.co.uk/products/13852/Products/Makeup/Lips/Lip-Pencil">Lip Pencil</a></li>
    <li><a href="http://www.maccosmetics.co.uk/products/14766/Products/Makeup/Lips/Lip-Care-Primer">Lip Care + Primer</a></li>
    <li><a href="http://www.maccosmetics.co.uk/products/13851/Products/Makeup/Lips/Lip-Palettes-Kits">Lip Palettes + Kits</a></li>
  </ul></div>
<div class="site-navigation__submenu-col">
  <h3>Face</h3>
  <ul><li><a href="http://www.maccosmetics.co.uk/products/13847/Products/Makeup/Face/Foundation">Foundation</a></li>
    <li><a href="http://www.maccosmetics.co.uk/products/13849/Products/Makeup/Face/Powder">Powder</a></li>
    <li><a href="http://www.maccosmetics.co.uk/products/13842/Products/Makeup/Face/Blush">Blush</a></li>
    <li><a href="http://www.maccosmetics.co.uk/products/13844/Products/Makeup/Face/Concealer">Concealer</a></li>
    <li><a href="http://www.maccosmetics.co.uk/products/14764/Products/Makeup/Face/Face-Primer">Face Primer</a></li>
    <li><a href="http://www.maccosmetics.co.uk/products/13848/Products/Makeup/Face/Multi-Use">Multi-Use</a></li>
    <li><a href="http://www.maccosmetics.co.uk/products/14765/Products/Makeup/Face/BB-CC">BB + CC</a></li>
    <li><a href="http://www.maccosmetics.co.uk/products/13845/Products/Makeup/Face/Face-Palettes-Kits">Face Palettes + Kits</a></li>
  </ul></div>
<div class="site-navigation__submenu-col">
  <h3>Nails</h3>
  <ul><li><a href="http://www.maccosmetics.co.uk/products/13855/Products/Makeup/Nails">Lacquer</a></li>
  </ul><h3>Pro Products</h3>
  <ul><li><a href="http://www.maccosmetics.co.uk/products/14767/Products/Makeup/Pro-Products/Eyes">Eyes</a></li>
    <li><a href="http://www.maccosmetics.co.uk/products/14768/Products/Makeup/Pro-Products/Lips">Lips</a></li>
    <li><a href="http://www.maccosmetics.co.uk/products/14769/Products/Makeup/Pro-Products/Face">Face</a></li>
    <li><a href="http://www.maccosmetics.co.uk/products/14770/Products/Makeup/Pro-Products/Multi-Use">Multi-Use</a></li>
  </ul></div>
<div class="site-navigation__submenu-col">
<h3>Goodbyes</h3>
	<ul><li><a href="http://www.maccosmetics.co.uk/products/17307/Products/Goodbyes/All-Products">All Products</a></li>
	</ul></div>


    <div class="site-navigation__submenu-col">
      <div id="node-7480" class="node node-elc-nodeblock no-sidebars clearfix" role="article" trackname="Main Navigation - Makeup - Pro Longwear|Main Navigation - Makeup - Pro Longwear Tout | Tout | Pro Longwear|D1_dev_july">
  <div class="content">
    
  <!-- #cms-api-section: mm_subnav_tout --><div class="mm-subnav-tout-v1 site-navigation__submenu-tout">
  <a href="http://www.maccosmetics.co.uk/products/14777/Products/Franchises/Pro-Longwear" >
    <img class="site-navigation__submenu-tout-image" src="http://www.maccosmetics.co.uk/media/export/cms/Touts/GNAV_0002_PRO_US_CA.jpg" alt="MAKE YOUR LOOK LAST&lt;br&gt;WITH PRO LONGWEAR&lt;/br&gt;" />
    <div class="site-navigation__submenu-tout-label">MAKE YOUR LOOK LAST<br>WITH PRO LONGWEAR</br></div>
  </a>
</div>
<!-- /#cms-api-section: mm_subnav_tout -->  </div>
</div>



        <div id="node-7482" class="node node-elc-nodeblock no-sidebars clearfix" role="article" trackname="Main Navigation - Makeup - Mineralize Tout|Main Navigation - Makeup - Mineralize Tout | Tout | Mineralize|D1_dev_july">
  <div class="content">
    
  <!-- #cms-api-section: mm_subnav_tout --><div class="mm-subnav-tout-v1 site-navigation__submenu-tout">
  <a href="http://www.maccosmetics.co.uk/products/14776/Products/Franchises/Mineralize" >
    <img class="site-navigation__submenu-tout-image" src="http://www.maccosmetics.co.uk/media/export/cms/Touts/GNAV_0004_mineralize_US.jpg" alt="ENJOY THE NOURISHING&lt;br&gt;LUXURY OF MINERALIZE&lt;/br&gt;" />
    <div class="site-navigation__submenu-tout-label">ENJOY THE NOURISHING<br>LUXURY OF MINERALIZE</br></div>
  </a>
</div>
<!-- /#cms-api-section: mm_subnav_tout -->  </div>
</div>


    </div>
  </div>
</li>

    <li class="mm-subnav-item-v1 site-navigation__item subnav is-submenu">
  <a href="http://www.maccosmetics.co.uk/" class="site-navigation__link">Primer + Skincare</a>
  <div class="site-navigation__submenu">
    <div class="site-navigation__submenu-col">
  <ul><li><a href="http://www.maccosmetics.co.uk/products/13825/products/skincare/primers">Primers</a></li>
    <li><a href="http://www.maccosmetics.co.uk/products/13826/Products/Primer-Skincare/Removers">Removers</a></li>
    <li><a href="http://www.maccosmetics.co.uk/products/13824/Products/Primer-Skincare/Moisturizers">Moisturizers</a></li>
    <li><a href="http://www.maccosmetics.co.uk/products/14771/Products/Primer-Skincare/BB-CC">BB + CC</a></li>
    <li><a href="http://www.maccosmetics.co.uk/products/13827/Products/Primer-Skincare/Travel-Size">Travel Size</a></li>
  </ul></div>

    <div class="site-navigation__submenu-col">
      <div id="node-7484" class="node node-elc-nodeblock no-sidebars clearfix" role="article" trackname="Main Navigation - Skincare - Prep + Prime Tout|Main Navigation - Skincare - Prep + Prime Tout | Tout | Prep+Prime|D1_dev_july">
  <div class="content">
    
  <!-- #cms-api-section: mm_subnav_tout --><div class="mm-subnav-tout-v1 site-navigation__submenu-tout">
  <a href="http://www.maccosmetics.co.uk/products/14778/Products/Franchises/Prep-Prime" >
    <img class="site-navigation__submenu-tout-image" src="http://www.maccosmetics.co.uk/media/export/cms/Touts/GNAV_0000_Prime+Prep_US.jpg" alt="PERFECT YOUR LOOK&lt;br&gt;WITH PREP + PRIME&lt;/br&gt;" />
    <div class="site-navigation__submenu-tout-label">PERFECT YOUR LOOK<br>WITH PREP + PRIME</br></div>
  </a>
</div>
<!-- /#cms-api-section: mm_subnav_tout -->  </div>
</div>



        <div id="node-7486" class="node node-elc-nodeblock no-sidebars clearfix" role="article" trackname="Main Navigation - Skincare - Lightful C Tout|Main Navigation - Skincare - Lightful C Tout | Tout | Lightful|D1_dev_july">
  <div class="content">
    
  <!-- #cms-api-section: mm_subnav_tout --><div class="mm-subnav-tout-v1 site-navigation__submenu-tout">
  <a href="http://www.maccosmetics.co.uk/products/14779/Products/Franchises/Lightful-C" >
    <img class="site-navigation__submenu-tout-image" src="http://www.maccosmetics.co.uk/media/export/cms/Touts/GNAV_0011_Lightful_US.jpg" alt="ILLUMINATE YOUR SKIN&lt;br&gt;WITH LIGHTFUL C&lt;/br&gt;" />
    <div class="site-navigation__submenu-tout-label" style="color: black;">ILLUMINATE YOUR SKIN<br>WITH LIGHTFUL C</br></div>
  </a>
</div>
<!-- /#cms-api-section: mm_subnav_tout -->  </div>
</div>


    </div>
  </div>
</li>

    <li class="mm-subnav-item-v1 site-navigation__item subnav is-submenu">
  <a href="http://www.maccosmetics.co.uk/" class="site-navigation__link">Brushes + Tools</a>
  <div class="site-navigation__submenu">
    <div class="site-navigation__submenu-col">
	<h3>Brushes</h3>
	<ul><li><a href="http://www.maccosmetics.co.uk/products/13804/Products/Brushes-Tools/Brushes/Eye-Brushes">Eye Brushes</a></li>
		<li><a href="http://www.maccosmetics.co.uk/products/13806/Products/Brushes-Tools/Brushes/Lip-Brushes">Lip Brushes</a></li>
		<li><a href="http://www.maccosmetics.co.uk/products/13805/Products/Brushes-Tools/Brushes/Face-Brushes">Face Brushes</a></li>
		<li><a href="http://www.maccosmetics.co.uk/products/13802/Products/Brushes-Tools/Brushes/All-Brushes">All Brushes</a></li>
		<li><a href="http://www.maccosmetics.co.uk/products/13803/Products/Brushes-Tools/Brushes/Brush-Kits">Brush Kits</a></li>
	</ul></div>
<div class="site-navigation__submenu-col">
	<h3>Tools</h3>
	<ul><li><a href="http://www.maccosmetics.co.uk/modular-pro-palette">Pro Palette</a></li>
		<li><a href="http://www.maccosmetics.co.uk/products/13813/Products/Brushes-Tools/Tools/Containers">Containers</a></li>
		<li><a href="http://www.maccosmetics.co.uk/products/13811/Products/Brushes-Tools/Tools/Applicators">Applicators</a></li>
		<li><a href="http://www.maccosmetics.co.uk/products/14327/Products/Brushes-Tools/Tools/Accessories">Accessories</a></li>
		<li><a href="http://www.maccosmetics.co.uk/products/13812/Products/Brushes-Tools/Tools/Bags">Bags</a></li>
	</ul><h3>Pro Products</h3>
	<ul><li><a href="http://www.maccosmetics.co.uk/products/14773/Products/Brushes-Tools/Pro-Products/Brushes-Tools">Brushes + Tools</a></li>
</ul></div>

  </div>
</li>

    <li class="mm-subnav-item-v1 site-navigation__item subnav is-submenu">
  <a href="http://www.maccosmetics.co.uk/" class="site-navigation__link">Fragrance</a>
  <div class="site-navigation__submenu">
    <div class="site-navigation__submenu-col">
  <ul><li><a href="http://www.maccosmetics.co.uk/shadescents-fragrance">Shadescents</a></li>
    <li><a href="http://www.maccosmetics.co.uk/products/13815/Products/Fragrance/Turquatic">Turquatic</a></li>
    <li><a href="http://www.maccosmetics.co.uk/products/16346/Products/Fragrance/Air-of-Style">Air of Style</a></li>
  </ul></div>

  </div>
</li>

    <li class="mm-subnav-item-v1 site-navigation__item subnav is-submenu">
  <a href="http://www.maccosmetics.co.uk/" class="site-navigation__link">Gifting</a>
  <div class="site-navigation__submenu">
    <div class="site-navigation__submenu-col">
	<ul><li><a href="http://www.maccosmetics.co.uk/giftcards">Gift Cards</a></li>
		<li><a href="http://www.maccosmetics.co.uk/egiftcards">Egift Cards</a></li>
	</ul></div>
<p> </p>


  </div>
</li>

</ul>
  </div>
</div>


    
</li>
  </div>
</div>


    <div id="node-620" class="node node-elc-nodeblock no-sidebars clearfix" role="article" trackname="Main Navigation - Bestsellers|Main Navigation - Bestsellers">
  <div class="content">
    
  <!-- #cms-api-section: mm_item --><li class="mm-item-v1 site-navigation__item">
  <a href="http://www.maccosmetics.co.uk/bestsellers" class="site-navigation__link">Bestsellers</a>
</li>
<!-- /#cms-api-section: mm_item -->  </div>
</div>


    <div id="node-624" class="node node-elc-nodeblock no-sidebars clearfix" role="article" trackname="Main Navigation - Artistry|Main Navigation - Artistry|d1_development">
  <div class="content">
    
  <li class="mm-item-v1 site-navigation__item is-dropdown">
  <a href="http://www.maccosmetics.co.uk/artistry" class="site-navigation__link">Artistry</a>
    
    <div id="node-622" class="node node-elc-nodeblock no-sidebars clearfix" role="article" trackname="Main Navigation - Submenu - Artistry|Main Navigation - Submenu - Artistry">
  <div class="content">
    
  </div>
</div>


    
</li>
  </div>
</div>


    <div id="node-628" class="node node-elc-nodeblock no-sidebars clearfix" role="article" trackname="Main Navigation - Stores|Main Navigation - Stores">
  <div class="content">
    
  <!-- #cms-api-section: mm_item --><li class="mm-item-v1 site-navigation__item">
  <a href="http://www.maccosmetics.co.uk/stores" class="site-navigation__link">Stores</a>
</li>
<!-- /#cms-api-section: mm_item -->  </div>
</div>


    <div id="node-64958" class="node node-elc-nodeblock no-sidebars clearfix" role="article" trackname="Main Navigation - Makeup Services|Main Navigation - Makeup Services|collection work 02012016">
  <div class="content">
    
  <!-- #cms-api-section: mm_item --><li class="mm-item-v1 site-navigation__item">
  <a href="http://www.maccosmetics.co.uk/book-appointment" class="site-navigation__link">Makeup Services</a>
</li>
<!-- /#cms-api-section: mm_item -->  </div>
</div>


    <div id="node-626" class="node node-elc-nodeblock no-sidebars clearfix" role="article" trackname="Main Navigation - Culture|Main Navigation - Culture">
  <div class="content">
    
  <!-- #cms-api-section: mm_item --><li class="mm-item-v1 site-navigation__item">
  <a href="http://www.maccosmetics.co.uk/culture" class="site-navigation__link">Culture</a>
</li>
<!-- /#cms-api-section: mm_item -->  </div>
</div>


</ul>
<a id="mobile-nav" class="hidden" href="#mobile-navigation" title="Mobile Menu"><i class="icon--bars"></i></a>
<div class="mobile-checkout-back" class="hidden"><i class="icon--arrow--left"></i></div>
       </div>  </div>

  
  
</div>
  </div></div>
        </nav> <!-- /site-navigation -->
              <div class="site-header__extra">
          <div class="block block-nodeblock block-nodeblock-26 block-nodeblock-658 block-template-site-search-v1">
      <div class="content">  <div id="node-658" class="node node-elc-nodeblock no-sidebars clearfix" role="article" trackname="Header - Search|Header - Search|Updated serach bar placeholder-vd">
  <div class="content">
    
  <!-- #cms-api-section: site_search --><div class="js-display-toggle header-search">
  <a class="header-search__icon js-display-toggle__trigger" href="#"  title="Search"><i class="icon--search"></i></a>

  <form action="http://www.maccosmetics.co.uk/esearch" class="header-search__form header-search__form--typeahead hidden js-display-toggle__target" method="get" id="perlgem-search-form" accept-charset="UTF-8" data-submitted="false">
    <div class="header-search__form--content responsive-container">
      <input type="hidden" name="form_id" value="perlgem_search_form"/>

      <input type="text" name="search" id="search" class="header-search__field js-search-field" placeholder="Enter Search Term" value="" autocomplete="off" />
      <input type="submit" class="header-search__submit hidden" value=""/>
      <span class="header-search__view-toggle mobile_hidden"><span></span><span></span><span></span></span>
      <a class="header-search__close link--no-underline js-display-toggle__trigger" href="#"><i class="icon--remove"></i></a>

      <div class="js-typeahead-wrapper header-search__typeahead-wrapper responsive-container hidden">
        <div class="js-term-results search-suggestions header-search__suggestions"></div>
        <div class="js-see-results header-search__see-results"></div>
        <div class="js-product-results search-products header-search__results"></div>
      </div>
    </div>
  </form>
</div><!-- /#cms-api-section: site_search -->  </div>
</div>

  </div></div>
        </div> <!-- /site-header__extra -->
      </div> <!-- /site-header__menu -->

      <div class="site-header__suffix">
              <div class="site-header__tools clearfix">
          <div class="block block-nodeblock block-nodeblock-28 block-nodeblock-648 block-template-site-bag-v1">
      <div class="content">  <div id="node-648" class="node node-elc-nodeblock no-sidebars clearfix" role="article" trackname="Header - Bag|Free Shipping|sample offer feb">
  <div class="content">
    
  <!-- #cms-api-section: site_bag --><div class="site-bag-v1 site-bag">
  <a href="http://www.maccosmetics.co.uk/checkout/viewcart.tmpl" title="Shopping Bag" class="site-bag__link"  >
    <i class="icon--shopping-bag site-bag__link-icon"></i> <span class="site-bag__link-count">0</span>
  </a>
  <div class="site-bag__contents site-bag-contents-v1">
    <header class="site-bag__contents-header">
      <a href="#" class="site-bag__contents-close"><i class="icon--remove"  ></i></a>
      <a href="http://www.maccosmetics.co.uk/checkout/viewcart.tmpl" class="site-bag__contents-edit" >Edit</a>
      <div class="site-bag__contents-title"><a href="http://www.maccosmetics.co.uk/checkout/viewcart.tmpl">Your Bag</a></div>
      <div class="site-bag__contents-title site-bag__contents-title__alt">Added to Bag</div>
    </header>
    <section class="site-bag__contents-products">
        <div class="product cart-product"></div>
    </section>
    <footer class="site-bag__contents-footer">
      <div class="site-bag__contents-subtotal"><span class="site-bag__contents-subtotal__title">Subtotal</span>
      <span class="site-bag__contents-subtotal__value">
          
      </span></div>
      <a href="http://www.maccosmetics.co.uk/checkout/viewcart.tmpl" class="btn site-bag__contents-checkout"  >Checkout</a>
      
      
      <p class="site-bag__contents-message">
        <a href="#" class="js-shipping-overlay">
          <span class="display_non_pro_user hidden">QUICK! GET 3 FREE SAMPLES <br /> WITH ALL ORDERS OVER £45!</span>
          <span class="display_pro_user hidden"></span>
        </a>
      </p>
       
    </footer>
  </div>
    <div class="site-bag__overlay hidden">
      <div class="site-bag__overlay-content">
        <span class="display_non_pro_user hidden"><h4>OFFERS</h4>
<h5>Free Delivery!</h5>
<p><strong>FREE STANDARD DELIVERY ON EVERY ORDER. NO OFFER CODE NECESSARY.</strong><br /></p><h5>Free Returns!</h5>
<p><strong>DON'T LOVE IT? RETURN IT FOR FREE.</strong></p>
<h5>Exclusive Samples</h5>
<p><strong>SAMPLE A M·A·C MUST-HAVE WITH EVERY ORDER, SIMPLY TAKE YOUR PICK AT CHECKOUT. PLUS, ENJOY 2 EXTRA SAMPLES ON ORDERS OVER £45!</strong></p>
<p><a href="http://www.maccosmetics.co.uk/offer-details">SEE ALL OFFER DETAILS</a></p>
</span>
        <span class="display_pro_user hidden">  </span>
      </div>
    </div>
</div>
<!-- /#cms-api-section: site_bag -->  </div>
</div>

  </div></div>
<div class="block block-nodeblock block-nodeblock-30 block-nodeblock-640 block-template-site-my-mac-v1">
      <div class="content">  <div id="node-640" class="node node-elc-nodeblock no-sidebars clearfix" role="article" trackname="Header - My M·A·C|Header - My M·A·C|standard delivery amends">
  <div class="content">
    
  <!-- #cms-api-section: site_my_mac --><div class="site-my-mac-v1 site-my-mac">
  <a id="site-my-mac" href="http://www.maccosmetics.co.uk/account/index.tmpl" title="My M·A·C" class="site-my-mac__link" >
    My  <br />M·A·C <div class="first-name">Sign In</div>
  </a>
  <div class="site-my-mac__contents">
    <header class="site-my-mac__contents-header">
      <a href="#" class="site-my-mac__contents-close"><i class="icon--remove"></i></a>
      <div class="site-my-mac__contents-title">Sign In</div>
      <div class="site-my-mac__contents-title site-my-mac__contents-title__alt">
        <a href="http://www.maccosmetics.co.uk/account/index.tmpl">My M·A·C</a>
      </div>
    </header>
    <section class="site-my-mac__contents-signin">
      <form method="post" action="http://www.maccosmetics.co.uk/account/signin.tmpl" name="signin" id="signin">
        <input type="hidden" value="signin" name="_SUBMIT">
        <input type="hidden" class="field" value="signin" name="LOSTPWMODE" id="form--signin--field--LOSTPWMODE">
        <input type="hidden" class="field" value="" name="RETURN_URL" id="form--signin--field--RETURN_URL">
        <div class="field-container">
          <p class="registration" >Don’t have an account? <a href="http://www.maccosmetics.co.uk/account/registration.tmpl">Register</a></p>
          <div class="form-item">
            <input type="text" required="" title="" placeholder="Email Address" class="field return-user-email-gnav" maxlength="80" value="" name="EMAIL_ADDRESS" id="form--signin--field--EMAIL_ADDRESS" >
          </div>
          <div class="form-item">
            <input type="password" required="" title="" placeholder="Password" class="field" maxlength="12" value="" name="PASSWORD" id="form--signin--field--PASSWORD" >
          </div>
          <p class="password-request"><a href="http://www.maccosmetics.co.uk/account/password_request.tmpl?gnav=1">I Forgot My Password</a></p>
          <input type="submit" value="Submit" class="btn site-my-mac__contents-submit" formnovalidate="formnovalidate" />
        </div>
      </form>
    </section>
    <div class="site-my-mac__contents-signed_in">
      <section class="site-my-mac__contents-account">
        <ul><li><a href="http://www.maccosmetics.co.uk/account/index.tmpl">My Account</a></li>
  <li><a href="http://www.maccosmetics.co.uk/account/profile_preferences.tmpl">Account Profile</a></li>
  <li><a href="http://www.maccosmetics.co.uk/account/order_history/index.tmpl">Order History</a></li>
  <li><a href="http://www.maccosmetics.co.uk/account/order_history/purchases.tmpl">Purchased Products</a></li>
  <li><a href="http://www.maccosmetics.co.uk/account/favorites/index.tmpl">My Favourites</a></li>
  <li><a href="http://www.maccosmetics.co.uk/account/signin.tmpl?_SUBMIT=signout">Sign Out</a></li>
</ul>
      </section>

      <footer class="site-my-mac__contents-footer has-link">
        <div class="site-my-mac__contents-footer-title">
          <span class="display_pro_user hidden"></span>
          <span class="display_non_pro_user hidden">FREE STANDARD DELIVERY ON ALL ORDERS</span>
        </div>
        <a href="http://www.maccosmetics.co.uk/" class="site-my-mac__contents-footer-link overlay-toggle">See Details</a>
      </footer>

      <footer class="site-my-mac__contents-footer site-my-mac__contents-footer__loyalty site-my-mac__contents-footer__loyalty-tier1 hidden">
        
        <div class="site-my-mac__contents-footer-copy">  </div>
        
      </footer>

      <footer class="site-my-mac__contents-footer site-my-mac__contents-footer__loyalty site-my-mac__contents-footer__loyalty-tier2 hidden">
        
        <div class="site-my-mac__contents-footer-copy">  </div>
        
      </footer>

      <footer class="site-my-mac__contents-footer site-my-mac__contents-footer__loyalty site-my-mac__contents-footer__loyalty-tier3 hidden">
        
        <div class="site-my-mac__contents-footer-copy">  </div>
        
      </footer>
    </div>
  </div>
    <div class="site-my-mac__overlay hidden">
      <div class="site-my-mac__overlay-content">
        <div class="display_non_pro_user hidden"><p>FREE STANDARD DELIVERY &amp; RETURNS<br />
Delivery offer valid on orders shipped to UK addresses (excluding the Channel Islands). Free Standard Delivery and Returns* with any purchase. No offer code necessary. Upgrade to Named Day Delivery for £4.95 or Next Day Delivery for £6.50. Place order prior to 3:00 PM GMT for Next Day Delivery. Please note, we will deliver the goods in accordance with the delivery option selected by you during the order process.</p>
<p>*For details on free returns, <a href="http://www.maccosmetics.co.uk/returns">CLICK HERE</a>.</p>
</div>
        <div class="display_pro_user hidden">  </div>
      </div>
    </div>
</div>
<!-- /#cms-api-section: site_my_mac -->  </div>
</div>

  </div></div>
<div class="block block-nodeblock block-nodeblock-32 block-nodeblock-656 block-template-site-my-shades-v1">
      <div class="content">  <div id="node-656" class="node node-elc-nodeblock no-sidebars clearfix" role="article" trackname="Header - My Shades">
  <div class="content">
    
  <!-- #cms-api-section: site_my_shades --><div class="site-my-shades-v1">
  <a href="http://www.maccosmetics.co.uk/account/index.tmpl"  title="My Shades" class="my-shades" data-my-shades="1">
    <div class="site-my-shades--1" style="background-color:#000;"></div>
    <div class="site-my-shades--2" style="background-color:#000;"></div>
    <div class="site-my-shades--3" style="background-color:#000;"></div>
  </a>
</div>
<!-- /#cms-api-section: site_my_shades -->  </div>
</div>

  </div></div>
<div class="block block-nodeblock block-nodeblock-34 block-nodeblock-638 block-template-site-email-signup-v1">
      <div class="content">  <div id="node-638" class="node node-elc-nodeblock no-sidebars clearfix" role="article" trackname="Header - Email Sign Up|Header - Email Sign Up|signup text amends">
  <div class="content">
    
  <!-- #cms-api-section: site_email_signup --><div class="site-email-signup-v1 site-email-signup">
  <a id="site-email-signup" href="#" title="Email Sign Up" class="site-email-signup__link" ><i class="icon--envelope site-email-signup__link-icon"></i></a>
  <div class="site-email-signup__contents">
    <header class="site-email-signup__contents-header">
      <a href="#" class="site-email-signup__contents-close" ><i class="icon--remove"></i></a>
      <div class="site-email-signup__contents-title">
        <a href="http://www.maccosmetics.co.uk/email_signup/email_signup.tmpl">Sign Me Up</a>
      </div>
      <div class="site-email-signup__contents-thank-you hidden">
        <h4 class="site-email-signup__contents-thank-you__title">Thank You!</h4>
        <div class="site-email-signup__contents-thank-you__copy">  </div>
      </div>
    </header>
    <section class="site-email-signup__contents-form">
      <form method="post" action="#" name="email_sms_signup" id="email_sms_signup">
        <input type="hidden" name="_SUBMIT" value="email_sms_signup" />
        <input type="hidden" name="PC_EMAIL_PROMOTIONS" value="1" />
        <input type="hidden" name="PC_EMAIL_PROMOTIONS_PRESENT" value="1" />
        <input type="hidden" name="ORIGINAL_SOURCE" value="gnav" />
        <input type="hidden" name="LAST_SOURCE" value="gnav" />
        <input type="hidden" name="COUNTRY_ID" value="" />
        <input type="hidden" name="LANGUAGE_ID" value="48" />
        <input type="hidden" name="SMS_PROMOTIONS_PRESENT" value="1" />
        <input type="hidden" name="SMS_AFFILIATE_ID" value="" />
        <input type="hidden" name="CARRIER_CODE" value="UNKNOWN" />

        <div class="field-container">
            <div class="intro"><p>Sign me up to hear from M•A•C Cosmetics about future products, services, events and special insider-only offers.</p></div>
            <ul id="form--errors--email_sms_signup" class="error_messages error"></ul>
            <div class="form-item">
                <input type="text" required="" placeholder="Email Address" class="field email-address return-user-email-newsletter" maxlength="80" value="" name="PC_EMAIL_ADDRESS" id="form--email_sms_signup--field--PC_EMAIL_ADDRESS" >
            </div>

            <div class="form-item">
               <input type="text" required="" placeholder="Mobile Phone  +44(0)" class="field mobile-number" maxlength=10 value="" name="MOBILE_NUMBER" id="form--email_sms_signup--field--MOBILE_NUMBER" >
            </div>
            <div class="form-item form-signup-sms-promotions form-type-checkbox">
               <input type="checkbox" name="SMS_PROMOTIONS" id="SMS_PROMOTIONS" value="1" required="" />
               <label for="SMS_PROMOTIONS"><p>Yes, I would like to receive SMS Messages with the latest news from MAC Cosmetics including special events, new product launches and exclusive offers.</p></label>
            </div>
            <input type="submit" value="Submit" class="btn site-email-signup__contents-submit" formnovalidate="formnovalidate" />
        </div>
      </form>
    </section>
  </div>
</div>
<!-- /#cms-api-section: site_email_signup -->  </div>
</div>

  </div></div>
        </div> <!-- /site-header__tools -->
            </div> <!-- /site-header__suffix -->
    </div> <!-- /site-header__container -->
  </div> <!-- /site-header__fixed-wrapper -->
</header>

<div class="site-container">
    <div class="region region-help">
    <div id="csr_header_holder" class="hidden">
  <div id="csr_header" class="clearfix">
  <table class="csr_table">
    <tr>
      <td id="csr_dragger" title="QuikSearch: Drag here...">&nbsp;</td>
      <td id="csr_info_box" onselectstart="return false">
        You are currently signed in as: <br/>
        <b><span data-pg-object="user" data-pg-prop="csr_email"></span></b> <a href="http://www.maccosmetics.co.uk/shared/admin/poa_signout.tmpl">csr signout</a>
      </td>
      <td id="csr_registered_user_info">
        Session open for <span data-pg-object="user" data-pg-prop="new_or_used"></span>:<br/>
        <b><span data-pg-object="user" data-pg-prop="email_address"></span></b>
        <a href="http://www.maccosmetics.co.uk/shared/admin/protected/phone_order/reset.tmpl">Reset customer</a>
      </td>
      <td id="cust_cart"><a href="http://www.maccosmetics.co.uk/checkout/viewcart.tmpl">Customer Cart</a></td>
      <td id="poa_app"><a href="http://www.maccosmetics.co.uk/shared/admin/protected/quiksearch/quiksearch.tmpl?search=&amp;submit=submit">QuikSearch</a></td>
      </tr>
    </table>
  </div>
</div>
  </div>

  
  <div class="block block-system block-system-main">
      <div class="content">  <article class="node-70870 node node-page no-sidebars" role="article" trackname="Make-Up Art Cosmetics Collection Page|Make-Up Art Cosmetics Collection Page|makeup art cosmetics changes_v2">
        <div class="content column column-main">
    <div class="field-content">
             <div class="collection-detail-formatter-v1 collection-detail-formatter layout--collection-detail collection-classic-legacy-view">
    <div class="basic-responsive-v1">
  <div class="submenu submenu--small-hide-all submenu--sticky site-banner__sticky-fix clearfix">
	<div class="bestsellers-nav responsive-container">
		<header class="submenu__header"><h3>Make-up Art Cosmetics</h3>
		</header><nav class="submenu__nav"><ul><li><a href="#dianekendal">Diane Kendal</a></li>
				<li><a href="#jameskaliardos">James Kaliardos</a></li>
				<li><a href="#kabukimagic">Kabuki</a></li>
			</ul></nav></div>
</div>

</div>

      <div class="basic-nodeblock-reference-v1 ">
    <div id="node-73590" class="node node-elc-nodeblock no-sidebars clearfix" role="article" trackname="Tout - Landscape - Make-Up Art Cosmetics Header|Tout - Landscape - Make-Up Art Cosmetics Header | Tout | Make-Up Art Cosmetics Header|uk dm updates">
  <div class="content">
    
  <figure class="basic-landscape-tout-v1 tout-block-landscape" style="color: white;">
  <img class="tout-block-landscape__image" src="http://www.maccosmetics.co.uk/media/export/cms/collections/makeupartcosmetics/makeupartcosmetics-collection-tout-1280x220.jpg" alt="" />
  
  <figcaption class="tout-block-landscape__caption">
    <header>
      
    </header>
    <footer>
      
      <div class="tout-block-landscape__body">
          
      </div>
    </footer>
  </figcaption>
</figure>
  </div>
</div>


  </div>

    <div class="basic-responsive-v1">
  <div style="padding-top:1em;max-width:880px;margin:auto;">
	<p>The heart and soul of M·A·C Cosmetics comes alive backstage through the art of makeup. Our Artists, masters of their craft, create beauty looks that impact the runway. Now, M·A·C teams up with three makeup maestros – Diane Kendal, James Kaliardos and Kabuki – in collections reflecting their signature style. Learn from the best, then make it your own!</p>
</div>

</div>

    <section class="mpp-custom-product-layout-v1 mpp-custom responsive-container expando-block expando-block--expanded ">
  <a class="mpp-custom__anchor" name="dianekendal" id="dianekendal"></a>
  <header class="mpp-custom__header clearfix">
    <h4 class="align-center mobile_hidden">Diane Kendal</h4>
    <div class="expando-block__title js-expando-block-trigger"><span>Diane Kendal</span><i class="icon--arrow--right expando-block__icon"></i></div>
  </header>

  <div class="grid--mpp expando-block__content">
  
    <div data-match-height="mpp-items" class="grid--mpp__item" style="height: 480px;" data-sku-target="SKU77376" data-sku-base-target="77376">
      <div class="product
        
        
        
        
         product--teaser
        
         product--teaser--mini
        
         product--sku-product
        
        
         product--defaultSku
        
        "
        id="product--prod_id-PROD46276"
        data-product='{"prodid":"PROD46276","sku":"SKU77376"}'
        data-product-id="PROD46276"
         data-sku-teaser="true"
        
        
        >
        <div class="product__detail">
          <div class="product__sku-details" id="product-detail-attach">
            <header class="product__header">
              <div class="product_header_details">
                <a class="product__name-link js-product__link-to-spp" href="http://www.maccosmetics.co.uk/product/13835/46276/products/makeup/eyes/eye-palettes-kits/creme-shadow-x-6-glamorize-me">
                    <h3 class="product__name">Crème Shadow X 6: Glamorize Me</h3>
                    <h3 class="product__name product__name_short"></h3>
                </a>
            
                    <p class="product__description-short">Cream Formula, Buildable Coverage, Portable</p>
            
                    <p class="product__mini-detail product__mini-detail--size"> 6 g </p>
                  <div class="product__rating">
                    <span class="product__rating-non"></span></div>
                <div class="product__price">
                         
                          
                           <span class="product__price--standard">£36.00 </span>
                </div>
                <div class="product__faves--teaser product__faves--teaser_mobile">            <a class="product__add-to-faves add-to-favorites js-add-to-favorites"
               
               href="#"
               data-product='{"prodid": "PROD46276", "sku": "", "SKU_BASE_ID": ""}'
               data-tooltip-added='Added to &lt;a href=http://www.maccosmetics.co.uk/"/account/favorites/index.tmpl">Favourites</a>!'
               data-tooltip-removed='Item has been removed from your &lt;a href=http://www.maccosmetics.co.uk/"/account/favorites/index.tmpl">Favourites</a>'
               data-default-fav='77376'>
              <i class="icon--heart-o"></i>
            </a>
</div>
                <div class="product__price_set ">
                  <div class="product__price_ppu clear"><span class="product__size--ppu">6 g</span><span class="product__size--hiphen--ppu"> - </span>
                  <span class="product__price_ppu--inside">£60.00  / 10g</span></div>
                  
                </div>
                  <div class="product__faves--teaser">            <a class="product__add-to-faves add-to-favorites js-add-to-favorites"
               
               href="#"
               data-product='{"prodid": "PROD46276", "sku": "", "SKU_BASE_ID": ""}'
               data-tooltip-added='Added to &lt;a href=http://www.maccosmetics.co.uk/"/account/favorites/index.tmpl">Favourites</a>!'
               data-tooltip-removed='Item has been removed from your &lt;a href=http://www.maccosmetics.co.uk/"/account/favorites/index.tmpl">Favourites</a>'
               data-default-fav='77376'>
              <i class="icon--heart-o"></i>
            </a>
</div>
            
            
            
            
            
            </header>
            
            <div class="product__images js-shade-trigger">
            
              <div class="product__images-inner carousel-wrapper">
            
            
                  <div class="product__image-medium ">
                    <div class="js-inv-status-2 product__inv-status-item temp-out-of-stock__text">Temp Out of Stock</div> 
                    <div class="js-inv-status-3 product__inv-status-item coming_soon-full_text">Coming soon</div>
                    <a class="product__image-medium-link js-product__link-to-spp" href="http://www.maccosmetics.co.uk/product/13835/46276/products/makeup/eyes/eye-palettes-kits/creme-shadow-x-6-glamorize-me">
             
                        <img class="product__sku-image--rendered--medium fade-non-shoppable-product" src="http://www.maccosmetics.co.uk/media/export/cms/products/280x320/mac_sku_S4FF01_280x320_0.jpg" alt="" title="Crème Shadow X 6: Glamorize Me" />
                    </a>
                  </div>
            
              </div>
            </div>
            
            
            <footer class="product__footer">
            
            
            
              
              
             
              <div class="product__size"> 6 g </div>
            
              <div class="product_content_fav_mobile ">
              <a class="product__add-to-faves add-to-favorites js-add-to-favorites"
                 
                 href="#"
                 data-product='{"prodid": "PROD46276", "sku": "", "SKU_BASE_ID": ""}'
                 data-tooltip-added='Added to &lt;a href=http://www.maccosmetics.co.uk/"/account/favorites/index.tmpl">Favourites</a>!'
                 data-tooltip-removed='Item has been removed from your &lt;a href=http://www.maccosmetics.co.uk/"/account/favorites/index.tmpl">Favourites</a>'
                 data-default-fav='77376'>
                <i class="icon--heart-o"></i>
              </a>
              <div class="product__price ">
                      
                        
                        <span class="product__price--standard">£36.00 </span>
              </div>
              <div class="product__price_ppu"><span class="product__size--ppu">6 g</span><span class="product__size--hiphen--ppu"> - </span>
              <span class="product__price_ppu--inside">£60.00  / 10g</span></div>
              
              
              <ul class="product__inventory-status js-inv-status-list temp-out-of-stock_notifyme-spacing" data-sku-base-id="">
                <li class="js-inv-status-2 product__inv-status-item temp-out-of-stock display__notify-me">
                                  <div class="notify-status js-add-button" >
                  <a href="#" class ="js-notify-me notify_me" data-sku-inv-status=""  data-sku-base-id="">Notify Me!</a>
                </div>

                  <div class="temp-out-of-stock__text">Temp Out of Stock</div>
                  <div class="temp-out-of-stock-short__text">Temp Out of Stock</div>
                </li>
                <li class="js-inv-status-3 product__inv-status-item coming-soon display__notify-me ">                <div class="notify-status js-add-button" >
                  <a href="#" class ="js-notify-me notify_me" data-sku-inv-status=""  data-sku-base-id="">Notify Me!</a>
                </div>
<div class="coming-soon_text">Coming soon</div></li>
                <li class="js-inv-status-5 product__inv-status-item inactive">Sorry, this item is inactive.</li>
                <li class="js-inv-status-7 product__inv-status-item sold-out btn">Sold Out</li>
              </ul>
              <a class="product__link-to-spp js-product__link-to-spp" href="http://www.maccosmetics.co.uk/product/13835/46276/products/makeup/eyes/eye-palettes-kits/creme-shadow-x-6-glamorize-me" data-product='{"prodid": "PROD46276", "sku": ""}'  >Shop <span id="sku_count"></span> Shades</a>
              <a class="product__link-custom js-product__link-to-spp" href="http://www.maccosmetics.co.uk/product/13835/46276/products/makeup/eyes/eye-palettes-kits/creme-shadow-x-6-glamorize-me" data-product='{"prodid": "PROD46276", "sku": ""}'></a>
              <a class="product__replenish hide-non-shoppable-product hide-non-orderable-product overlay-link" href="#" data-product='{"prodid": "PROD46276", "sku": ""}'></a>
            
            </footer>
          </div>
      
        </div>
      
      
      
      </div>
    </div>
    <div data-match-height="mpp-items" class="grid--mpp__item" style="height: 480px;" data-sku-target="SKU77382" data-sku-base-target="77382">
      <div class="product
        
        
        
        
         product--teaser
        
         product--teaser--mini
        
         product--sku-product
        
        
         product--defaultSku
        
        "
        id="product--prod_id-PROD46278"
        data-product='{"prodid":"PROD46278","sku":"SKU77382"}'
        data-product-id="PROD46278"
         data-sku-teaser="true"
        
        
        >
        <div class="product__detail">
          <div class="product__sku-details" id="product-detail-attach">
            <header class="product__header">
              <div class="product_header_details">
                <a class="product__name-link js-product__link-to-spp" href="http://www.maccosmetics.co.uk/product/13839/46278/products/makeup/eyes/mascara/opulash-diane-kendal">
                    <h3 class="product__name">Opulash / Diane Kendal</h3>
                    <h3 class="product__name product__name_short"></h3>
                </a>
            
                    <p class="product__description-short">Deep Burgundy Shade, Dramatic Volume, 15-Hour Wear</p>
            
                    <p class="product__mini-detail product__mini-detail--size"> 11 g </p>
                  <div class="product__rating">
                    <span class="product__rating-non"></span></div>
                <div class="product__price">
                         
                          
                           <span class="product__price--standard">£15.50 </span>
                </div>
                <div class="product__faves--teaser product__faves--teaser_mobile">            <a class="product__add-to-faves add-to-favorites js-add-to-favorites"
               
               href="#"
               data-product='{"prodid": "PROD46278", "sku": "", "SKU_BASE_ID": ""}'
               data-tooltip-added='Added to &lt;a href=http://www.maccosmetics.co.uk/"/account/favorites/index.tmpl">Favourites</a>!'
               data-tooltip-removed='Item has been removed from your &lt;a href=http://www.maccosmetics.co.uk/"/account/favorites/index.tmpl">Favourites</a>'
               data-default-fav='77382'>
              <i class="icon--heart-o"></i>
            </a>
</div>
                <div class="product__price_set ">
                  <div class="product__price_ppu clear"><span class="product__size--ppu">11 g</span><span class="product__size--hiphen--ppu"> - </span>
                  <span class="product__price_ppu--inside">£14.09  / 10g</span></div>
                  
                </div>
                  <div class="product__faves--teaser">            <a class="product__add-to-faves add-to-favorites js-add-to-favorites"
               
               href="#"
               data-product='{"prodid": "PROD46278", "sku": "", "SKU_BASE_ID": ""}'
               data-tooltip-added='Added to &lt;a href=http://www.maccosmetics.co.uk/"/account/favorites/index.tmpl">Favourites</a>!'
               data-tooltip-removed='Item has been removed from your &lt;a href=http://www.maccosmetics.co.uk/"/account/favorites/index.tmpl">Favourites</a>'
               data-default-fav='77382'>
              <i class="icon--heart-o"></i>
            </a>
</div>
            
            
            
            
            
            </header>
            
            <div class="product__images js-shade-trigger">
            
              <div class="product__images-inner carousel-wrapper">
            
            
                  <div class="product__image-medium ">
                    <div class="js-inv-status-2 product__inv-status-item temp-out-of-stock__text">Temp Out of Stock</div> 
                    <div class="js-inv-status-3 product__inv-status-item coming_soon-full_text">Coming soon</div>
                    <a class="product__image-medium-link js-product__link-to-spp" href="http://www.maccosmetics.co.uk/product/13839/46278/products/makeup/eyes/mascara/opulash-diane-kendal">
             
                        <img class="product__sku-image--rendered--medium fade-non-shoppable-product" src="http://www.maccosmetics.co.uk/media/export/cms/products/280x320/mac_sku_S4FH04_280x320_0.jpg" alt="" title="Opulash / Diane Kendal" />
                    </a>
                  </div>
            
              </div>
            </div>
            
            
            <footer class="product__footer">
            
            
            
              
              
             
              <div class="product__size"> 11 g </div>
            
              <div class="product_content_fav_mobile ">
              <a class="product__add-to-faves add-to-favorites js-add-to-favorites"
                 
                 href="#"
                 data-product='{"prodid": "PROD46278", "sku": "", "SKU_BASE_ID": ""}'
                 data-tooltip-added='Added to &lt;a href=http://www.maccosmetics.co.uk/"/account/favorites/index.tmpl">Favourites</a>!'
                 data-tooltip-removed='Item has been removed from your &lt;a href=http://www.maccosmetics.co.uk/"/account/favorites/index.tmpl">Favourites</a>'
                 data-default-fav='77382'>
                <i class="icon--heart-o"></i>
              </a>
              <div class="product__price ">
                      
                        
                        <span class="product__price--standard">£15.50 </span>
              </div>
              <div class="product__price_ppu"><span class="product__size--ppu">11 g</span><span class="product__size--hiphen--ppu"> - </span>
              <span class="product__price_ppu--inside">£14.09  / 10g</span></div>
              
              
              <ul class="product__inventory-status js-inv-status-list temp-out-of-stock_notifyme-spacing" data-sku-base-id="">
                <li class="js-inv-status-2 product__inv-status-item temp-out-of-stock display__notify-me">
                                  <div class="notify-status js-add-button" >
                  <a href="#" class ="js-notify-me notify_me" data-sku-inv-status=""  data-sku-base-id="">Notify Me!</a>
                </div>

                  <div class="temp-out-of-stock__text">Temp Out of Stock</div>
                  <div class="temp-out-of-stock-short__text">Temp Out of Stock</div>
                </li>
                <li class="js-inv-status-3 product__inv-status-item coming-soon display__notify-me ">                <div class="notify-status js-add-button" >
                  <a href="#" class ="js-notify-me notify_me" data-sku-inv-status=""  data-sku-base-id="">Notify Me!</a>
                </div>
<div class="coming-soon_text">Coming soon</div></li>
                <li class="js-inv-status-5 product__inv-status-item inactive">Sorry, this item is inactive.</li>
                <li class="js-inv-status-7 product__inv-status-item sold-out btn">Sold Out</li>
              </ul>
              <a class="product__link-to-spp js-product__link-to-spp" href="http://www.maccosmetics.co.uk/product/13839/46278/products/makeup/eyes/mascara/opulash-diane-kendal" data-product='{"prodid": "PROD46278", "sku": ""}'  >Shop <span id="sku_count"></span> Shades</a>
              <a class="product__link-custom js-product__link-to-spp" href="http://www.maccosmetics.co.uk/product/13839/46278/products/makeup/eyes/mascara/opulash-diane-kendal" data-product='{"prodid": "PROD46278", "sku": ""}'></a>
              <a class="product__replenish hide-non-shoppable-product hide-non-orderable-product overlay-link" href="#" data-product='{"prodid": "PROD46278", "sku": ""}'></a>
            
            </footer>
          </div>
      
        </div>
      
      
      
      </div>
    </div>
    <div data-match-height="mpp-items" class="grid--mpp__item" style="height: 480px;" data-sku-target="SKU77381" data-sku-base-target="77381">
      <div class="product
        
        
        
        
         product--teaser
         product--shaded
         product--teaser--mini
        
         product--sku-product
        
        
         product--defaultSku
        
        "
        id="product--prod_id-PROD46277"
        data-product='{"prodid":"PROD46277","sku":"SKU77381"}'
        data-product-id="PROD46277"
         data-sku-teaser="true"
        
        
        >
        <div class="product__detail">
          <div class="product__sku-details" id="product-detail-attach">
            <header class="product__header">
              <div class="product_header_details">
                <a class="product__name-link js-product__link-to-spp" href="http://www.maccosmetics.co.uk/product/13838/46277/products/makeup/eyes/liner/kajal-crayon-diane-kendal#/shade/Flourish_Me_Vibrant">
                    <h3 class="product__name">Kajal Crayon / Diane Kendal</h3>
                    <h3 class="product__name product__name_short"></h3>
                </a>
            
                    <p class="product__description-short">Vivid Colour, Safe for Waterline, Limited Edition</p>
            
                      <div class="product__mini-detail product__mini-detail--shade product__shade-name">
                        Shade: <span> Flourish Me Vibrant </span>
                        <a href="#" class="product__product-life-tooltip js-shade-description-tooltip" data-title=""></a>
                      </div>
                    <p class="product__mini-detail product__mini-detail--size"> 1.6 g </p>
                  <div class="product__rating">
                    <span class="product__rating-non"></span></div>
                <div class="product__price">
                         
                          
                           <span class="product__price--standard">£16.50 </span>
                </div>
                <div class="product__faves--teaser product__faves--teaser_mobile">            <a class="product__add-to-faves add-to-favorites js-add-to-favorites"
               
               href="#"
               data-product='{"prodid": "PROD46277", "sku": "", "SKU_BASE_ID": ""}'
               data-tooltip-added='Added to &lt;a href=http://www.maccosmetics.co.uk/"/account/favorites/index.tmpl">Favourites</a>!'
               data-tooltip-removed='Item has been removed from your &lt;a href=http://www.maccosmetics.co.uk/"/account/favorites/index.tmpl">Favourites</a>'
               data-default-fav='77381'>
              <i class="icon--heart-o"></i>
            </a>
</div>
                <div class="product__price_set ">
                  <div class="product__price_ppu clear">
                  <span class="product__price_ppu--inside"></span></div>
                  
                </div>
                  <div class="product__faves--teaser">            <a class="product__add-to-faves add-to-favorites js-add-to-favorites"
               
               href="#"
               data-product='{"prodid": "PROD46277", "sku": "", "SKU_BASE_ID": ""}'
               data-tooltip-added='Added to &lt;a href=http://www.maccosmetics.co.uk/"/account/favorites/index.tmpl">Favourites</a>!'
               data-tooltip-removed='Item has been removed from your &lt;a href=http://www.maccosmetics.co.uk/"/account/favorites/index.tmpl">Favourites</a>'
               data-default-fav='77381'>
              <i class="icon--heart-o"></i>
            </a>
</div>
            
            
            
            
            
            </header>
            
            <div class="product__images js-shade-trigger">
            
              <div class="product__images-inner carousel-wrapper">
            
            
                  <div class="product__image-medium ">
                    <div class="js-inv-status-2 product__inv-status-item temp-out-of-stock__text">Temp Out of Stock</div> 
                    <div class="js-inv-status-3 product__inv-status-item coming_soon-full_text">Coming soon</div>
                    <a class="product__image-medium-link js-product__link-to-spp" href="http://www.maccosmetics.co.uk/product/13838/46277/products/makeup/eyes/liner/kajal-crayon-diane-kendal#/shade/Flourish_Me_Vibrant">
             
                        <img class="product__sku-image--rendered--medium fade-non-shoppable-product" src="http://www.maccosmetics.co.uk/media/export/cms/products/280x320/mac_sku_S4FJ04_280x320_0.jpg" alt="" title="Kajal Crayon / Diane Kendal" />
                    </a>
                  </div>
            
              </div>
            </div>
            
            
            <footer class="product__footer">
                <div class="view-all-shades view-all-shades--mobile hide-xlarge-up js-trigger-mobile-shade-selector">
                  <span class="view-all-shades__text">Shop <span id="sku_count">4</span> Shades</span>
                </div>
            
                <div class="product__product-details-shade">
            
                  <div class="product__product-details-shade-smoosh shade-picker__color-wrapper">
                    <a class="js-product__link-to-spp js-trigger-mobile-shade-selector" href="http://www.maccosmetics.co.uk/product/13838/46277/products/makeup/eyes/liner/kajal-crayon-diane-kendal#/shade/Flourish_Me_Vibrant"><div class="shade-picker__color-texture" style="background-image: url('http://www.maccosmetics.co.uk/media/export/cms/products/smoosh/mac_smoosh_S4FJ01.jpg'); background-color: "></div></a>
                  </div>
            
                  <div class="product__product-details-shade-name" style="color:;"></div>
                  <div class="product__product-details-shade-description"><a href="#" class="product__product-life-tooltip js-shade-description-tooltip" data-title=""></a></div>
                </div>
            
                    <div class="product__product-details-shade-smoosh product__product-details-shade-smoosh--mini shade-picker__color-wrapper shade-picker__color-wrapper--mini">
                      <a class="" href="http://www.maccosmetics.co.uk/product/13838/46277/products/makeup/eyes/liner/kajal-crayon-diane-kendal#/shade/Flourish_Me_Vibrant"><div class="shade-picker__color-texture" style="background-image: url('http://www.maccosmetics.co.uk/media/export/cms/products/smoosh/mac_smoosh_S4FJ04.jpg'); background-color: #5dbebc"></div></a>
                    </div>
            
            
              
              
             
              <div class="product__size"> 1.6 g </div>
            
              <div class="product_content_fav_mobile ">
              <a class="product__add-to-faves add-to-favorites js-add-to-favorites"
                 
                 href="#"
                 data-product='{"prodid": "PROD46277", "sku": "", "SKU_BASE_ID": ""}'
                 data-tooltip-added='Added to &lt;a href=http://www.maccosmetics.co.uk/"/account/favorites/index.tmpl">Favourites</a>!'
                 data-tooltip-removed='Item has been removed from your &lt;a href=http://www.maccosmetics.co.uk/"/account/favorites/index.tmpl">Favourites</a>'
                 data-default-fav='77381'>
                <i class="icon--heart-o"></i>
              </a>
              <div class="product__price ">
                      
                        
                        <span class="product__price--standard">£16.50 </span>
              </div>
              <div class="product__price_ppu">
              <span class="product__price_ppu--inside"></span></div>
              
              
              <ul class="product__inventory-status js-inv-status-list temp-out-of-stock_notifyme-spacing" data-sku-base-id="">
                <li class="js-inv-status-2 product__inv-status-item temp-out-of-stock display__notify-me">
                                  <div class="notify-status js-add-button" >
                  <a href="#" class ="js-notify-me notify_me" data-sku-inv-status=""  data-sku-base-id="">Notify Me!</a>
                </div>

                  <div class="temp-out-of-stock__text">Temp Out of Stock</div>
                  <div class="temp-out-of-stock-short__text">Temp Out of Stock</div>
                </li>
                <li class="js-inv-status-3 product__inv-status-item coming-soon display__notify-me ">                <div class="notify-status js-add-button" >
                  <a href="#" class ="js-notify-me notify_me" data-sku-inv-status=""  data-sku-base-id="">Notify Me!</a>
                </div>
<div class="coming-soon_text">Coming soon</div></li>
                <li class="js-inv-status-5 product__inv-status-item inactive">Sorry, this item is inactive.</li>
                <li class="js-inv-status-7 product__inv-status-item sold-out btn">Sold Out</li>
              </ul>
              <a class="product__link-to-spp js-product__link-to-spp" href="http://www.maccosmetics.co.uk/product/13838/46277/products/makeup/eyes/liner/kajal-crayon-diane-kendal" data-product='{"prodid": "PROD46277", "sku": ""}'  >Shop <span id="sku_count">4</span> Shades</a>
              <a class="product__link-custom js-product__link-to-spp" href="http://www.maccosmetics.co.uk/product/13838/46277/products/makeup/eyes/liner/kajal-crayon-diane-kendal" data-product='{"prodid": "PROD46277", "sku": ""}'></a>
              <a class="product__replenish hide-non-shoppable-product hide-non-orderable-product overlay-link" href="#" data-product='{"prodid": "PROD46277", "sku": ""}'></a>
            
            </footer>
          </div>
      
        </div>
      
      
      
      
      
      
          <div class="js-shade-picker__color"></div>
      
      
      </div>
    </div>
    <div data-match-height="mpp-items" class="grid--mpp__item" style="height: 480px;" data-sku-target="SKU77380" data-sku-base-target="77380">
      <div class="product
        
        
        
        
         product--teaser
         product--shaded
         product--teaser--mini
        
         product--sku-product
        
        
         product--defaultSku
        
        "
        id="product--prod_id-PROD46277"
        data-product='{"prodid":"PROD46277","sku":"SKU77380"}'
        data-product-id="PROD46277"
         data-sku-teaser="true"
        
        
        >
        <div class="product__detail">
          <div class="product__sku-details" id="product-detail-attach">
            <header class="product__header">
              <div class="product_header_details">
                <a class="product__name-link js-product__link-to-spp" href="http://www.maccosmetics.co.uk/product/13838/46277/products/makeup/eyes/liner/kajal-crayon-diane-kendal#/shade/Flourish_Me_Bold">
                    <h3 class="product__name">Kajal Crayon / Diane Kendal</h3>
                    <h3 class="product__name product__name_short"></h3>
                </a>
            
                    <p class="product__description-short">Vivid Colour, Safe for Waterline, Limited Edition</p>
            
                      <div class="product__mini-detail product__mini-detail--shade product__shade-name">
                        Shade: <span> Flourish Me Bold </span>
                        <a href="#" class="product__product-life-tooltip js-shade-description-tooltip" data-title=""></a>
                      </div>
                    <p class="product__mini-detail product__mini-detail--size"> 1.6 g </p>
                  <div class="product__rating">
                    <span class="product__rating-non"></span></div>
                <div class="product__price">
                         
                          
                           <span class="product__price--standard">£16.50 </span>
                </div>
                <div class="product__faves--teaser product__faves--teaser_mobile">            <a class="product__add-to-faves add-to-favorites js-add-to-favorites"
               
               href="#"
               data-product='{"prodid": "PROD46277", "sku": "", "SKU_BASE_ID": ""}'
               data-tooltip-added='Added to &lt;a href=http://www.maccosmetics.co.uk/"/account/favorites/index.tmpl">Favourites</a>!'
               data-tooltip-removed='Item has been removed from your &lt;a href=http://www.maccosmetics.co.uk/"/account/favorites/index.tmpl">Favourites</a>'
               data-default-fav='77380'>
              <i class="icon--heart-o"></i>
            </a>
</div>
                <div class="product__price_set ">
                  <div class="product__price_ppu clear">
                  <span class="product__price_ppu--inside"></span></div>
                  
                </div>
                  <div class="product__faves--teaser">            <a class="product__add-to-faves add-to-favorites js-add-to-favorites"
               
               href="#"
               data-product='{"prodid": "PROD46277", "sku": "", "SKU_BASE_ID": ""}'
               data-tooltip-added='Added to &lt;a href=http://www.maccosmetics.co.uk/"/account/favorites/index.tmpl">Favourites</a>!'
               data-tooltip-removed='Item has been removed from your &lt;a href=http://www.maccosmetics.co.uk/"/account/favorites/index.tmpl">Favourites</a>'
               data-default-fav='77380'>
              <i class="icon--heart-o"></i>
            </a>
</div>
            
            
            
            
            
            </header>
            
            <div class="product__images js-shade-trigger">
            
              <div class="product__images-inner carousel-wrapper">
            
            
                  <div class="product__image-medium ">
                    <div class="js-inv-status-2 product__inv-status-item temp-out-of-stock__text">Temp Out of Stock</div> 
                    <div class="js-inv-status-3 product__inv-status-item coming_soon-full_text">Coming soon</div>
                    <a class="product__image-medium-link js-product__link-to-spp" href="http://www.maccosmetics.co.uk/product/13838/46277/products/makeup/eyes/liner/kajal-crayon-diane-kendal#/shade/Flourish_Me_Bold">
             
                        <img class="product__sku-image--rendered--medium fade-non-shoppable-product" src="http://www.maccosmetics.co.uk/media/export/cms/products/280x320/mac_sku_S4FJ03_280x320_0.jpg" alt="" title="Kajal Crayon / Diane Kendal" />
                    </a>
                  </div>
            
              </div>
            </div>
            
            
            <footer class="product__footer">
                <div class="view-all-shades view-all-shades--mobile hide-xlarge-up js-trigger-mobile-shade-selector">
                  <span class="view-all-shades__text">Shop <span id="sku_count">4</span> Shades</span>
                </div>
            
                <div class="product__product-details-shade">
            
                  <div class="product__product-details-shade-smoosh shade-picker__color-wrapper">
                    <a class="js-product__link-to-spp js-trigger-mobile-shade-selector" href="http://www.maccosmetics.co.uk/product/13838/46277/products/makeup/eyes/liner/kajal-crayon-diane-kendal#/shade/Flourish_Me_Bold"><div class="shade-picker__color-texture" style="background-image: url('http://www.maccosmetics.co.uk/media/export/cms/products/smoosh/mac_smoosh_S4FJ01.jpg'); background-color: "></div></a>
                  </div>
            
                  <div class="product__product-details-shade-name" style="color:;"></div>
                  <div class="product__product-details-shade-description"><a href="#" class="product__product-life-tooltip js-shade-description-tooltip" data-title=""></a></div>
                </div>
            
                    <div class="product__product-details-shade-smoosh product__product-details-shade-smoosh--mini shade-picker__color-wrapper shade-picker__color-wrapper--mini">
                      <a class="" href="http://www.maccosmetics.co.uk/product/13838/46277/products/makeup/eyes/liner/kajal-crayon-diane-kendal#/shade/Flourish_Me_Bold"><div class="shade-picker__color-texture" style="background-image: url('http://www.maccosmetics.co.uk/media/export/cms/products/smoosh/mac_smoosh_S4FJ03.jpg'); background-color: #383c81"></div></a>
                    </div>
            
            
              
              
             
              <div class="product__size"> 1.6 g </div>
            
              <div class="product_content_fav_mobile ">
              <a class="product__add-to-faves add-to-favorites js-add-to-favorites"
                 
                 href="#"
                 data-product='{"prodid": "PROD46277", "sku": "", "SKU_BASE_ID": ""}'
                 data-tooltip-added='Added to &lt;a href=http://www.maccosmetics.co.uk/"/account/favorites/index.tmpl">Favourites</a>!'
                 data-tooltip-removed='Item has been removed from your &lt;a href=http://www.maccosmetics.co.uk/"/account/favorites/index.tmpl">Favourites</a>'
                 data-default-fav='77380'>
                <i class="icon--heart-o"></i>
              </a>
              <div class="product__price ">
                      
                        
                        <span class="product__price--standard">£16.50 </span>
              </div>
              <div class="product__price_ppu">
              <span class="product__price_ppu--inside"></span></div>
              
              
              <ul class="product__inventory-status js-inv-status-list temp-out-of-stock_notifyme-spacing" data-sku-base-id="">
                <li class="js-inv-status-2 product__inv-status-item temp-out-of-stock display__notify-me">
                                  <div class="notify-status js-add-button" >
                  <a href="#" class ="js-notify-me notify_me" data-sku-inv-status=""  data-sku-base-id="">Notify Me!</a>
                </div>

                  <div class="temp-out-of-stock__text">Temp Out of Stock</div>
                  <div class="temp-out-of-stock-short__text">Temp Out of Stock</div>
                </li>
                <li class="js-inv-status-3 product__inv-status-item coming-soon display__notify-me ">                <div class="notify-status js-add-button" >
                  <a href="#" class ="js-notify-me notify_me" data-sku-inv-status=""  data-sku-base-id="">Notify Me!</a>
                </div>
<div class="coming-soon_text">Coming soon</div></li>
                <li class="js-inv-status-5 product__inv-status-item inactive">Sorry, this item is inactive.</li>
                <li class="js-inv-status-7 product__inv-status-item sold-out btn">Sold Out</li>
              </ul>
              <a class="product__link-to-spp js-product__link-to-spp" href="http://www.maccosmetics.co.uk/product/13838/46277/products/makeup/eyes/liner/kajal-crayon-diane-kendal" data-product='{"prodid": "PROD46277", "sku": ""}'  >Shop <span id="sku_count">4</span> Shades</a>
              <a class="product__link-custom js-product__link-to-spp" href="http://www.maccosmetics.co.uk/product/13838/46277/products/makeup/eyes/liner/kajal-crayon-diane-kendal" data-product='{"prodid": "PROD46277", "sku": ""}'></a>
              <a class="product__replenish hide-non-shoppable-product hide-non-orderable-product overlay-link" href="#" data-product='{"prodid": "PROD46277", "sku": ""}'></a>
            
            </footer>
          </div>
      
        </div>
      
      
      
      
      
      
          <div class="js-shade-picker__color"></div>
      
      
      </div>
    </div>
    <div data-match-height="mpp-items" class="grid--mpp__item" style="height: 480px;" data-sku-target="SKU77379" data-sku-base-target="77379">
      <div class="product
        
        
        
        
         product--teaser
         product--shaded
         product--teaser--mini
        
         product--sku-product
        
        
         product--defaultSku
        
        "
        id="product--prod_id-PROD46277"
        data-product='{"prodid":"PROD46277","sku":"SKU77379"}'
        data-product-id="PROD46277"
         data-sku-teaser="true"
        
        
        >
        <div class="product__detail">
          <div class="product__sku-details" id="product-detail-attach">
            <header class="product__header">
              <div class="product_header_details">
                <a class="product__name-link js-product__link-to-spp" href="http://www.maccosmetics.co.uk/product/13838/46277/products/makeup/eyes/liner/kajal-crayon-diane-kendal#/shade/Flourish_Me_Beautiful">
                    <h3 class="product__name">Kajal Crayon / Diane Kendal</h3>
                    <h3 class="product__name product__name_short"></h3>
                </a>
            
                    <p class="product__description-short">Vivid Colour, Safe for Waterline, Limited Edition</p>
            
                      <div class="product__mini-detail product__mini-detail--shade product__shade-name">
                        Shade: <span> Flourish Me Beautiful </span>
                        <a href="#" class="product__product-life-tooltip js-shade-description-tooltip" data-title=""></a>
                      </div>
                    <p class="product__mini-detail product__mini-detail--size"> 1.6 g </p>
                  <div class="product__rating">
                    <span class="product__rating-non"></span></div>
                <div class="product__price">
                         
                          
                           <span class="product__price--standard">£16.50 </span>
                </div>
                <div class="product__faves--teaser product__faves--teaser_mobile">            <a class="product__add-to-faves add-to-favorites js-add-to-favorites"
               
               href="#"
               data-product='{"prodid": "PROD46277", "sku": "", "SKU_BASE_ID": ""}'
               data-tooltip-added='Added to &lt;a href=http://www.maccosmetics.co.uk/"/account/favorites/index.tmpl">Favourites</a>!'
               data-tooltip-removed='Item has been removed from your &lt;a href=http://www.maccosmetics.co.uk/"/account/favorites/index.tmpl">Favourites</a>'
               data-default-fav='77379'>
              <i class="icon--heart-o"></i>
            </a>
</div>
                <div class="product__price_set ">
                  <div class="product__price_ppu clear">
                  <span class="product__price_ppu--inside"></span></div>
                  
                </div>
                  <div class="product__faves--teaser">            <a class="product__add-to-faves add-to-favorites js-add-to-favorites"
               
               href="#"
               data-product='{"prodid": "PROD46277", "sku": "", "SKU_BASE_ID": ""}'
               data-tooltip-added='Added to &lt;a href=http://www.maccosmetics.co.uk/"/account/favorites/index.tmpl">Favourites</a>!'
               data-tooltip-removed='Item has been removed from your &lt;a href=http://www.maccosmetics.co.uk/"/account/favorites/index.tmpl">Favourites</a>'
               data-default-fav='77379'>
              <i class="icon--heart-o"></i>
            </a>
</div>
            
            
            
            
            
            </header>
            
            <div class="product__images js-shade-trigger">
            
              <div class="product__images-inner carousel-wrapper">
            
            
                  <div class="product__image-medium ">
                    <div class="js-inv-status-2 product__inv-status-item temp-out-of-stock__text">Temp Out of Stock</div> 
                    <div class="js-inv-status-3 product__inv-status-item coming_soon-full_text">Coming soon</div>
                    <a class="product__image-medium-link js-product__link-to-spp" href="http://www.maccosmetics.co.uk/product/13838/46277/products/makeup/eyes/liner/kajal-crayon-diane-kendal#/shade/Flourish_Me_Beautiful">
             
                        <img class="product__sku-image--rendered--medium fade-non-shoppable-product" src="http://www.maccosmetics.co.uk/media/export/cms/products/280x320/mac_sku_S4FJ02_280x320_0.jpg" alt="" title="Kajal Crayon / Diane Kendal" />
                    </a>
                  </div>
            
              </div>
            </div>
            
            
            <footer class="product__footer">
                <div class="view-all-shades view-all-shades--mobile hide-xlarge-up js-trigger-mobile-shade-selector">
                  <span class="view-all-shades__text">Shop <span id="sku_count">4</span> Shades</span>
                </div>
            
                <div class="product__product-details-shade">
            
                  <div class="product__product-details-shade-smoosh shade-picker__color-wrapper">
                    <a class="js-product__link-to-spp js-trigger-mobile-shade-selector" href="http://www.maccosmetics.co.uk/product/13838/46277/products/makeup/eyes/liner/kajal-crayon-diane-kendal#/shade/Flourish_Me_Beautiful"><div class="shade-picker__color-texture" style="background-image: url('http://www.maccosmetics.co.uk/media/export/cms/products/smoosh/mac_smoosh_S4FJ01.jpg'); background-color: "></div></a>
                  </div>
            
                  <div class="product__product-details-shade-name" style="color:;"></div>
                  <div class="product__product-details-shade-description"><a href="#" class="product__product-life-tooltip js-shade-description-tooltip" data-title=""></a></div>
                </div>
            
                    <div class="product__product-details-shade-smoosh product__product-details-shade-smoosh--mini shade-picker__color-wrapper shade-picker__color-wrapper--mini">
                      <a class="" href="http://www.maccosmetics.co.uk/product/13838/46277/products/makeup/eyes/liner/kajal-crayon-diane-kendal#/shade/Flourish_Me_Beautiful"><div class="shade-picker__color-texture" style="background-image: url('http://www.maccosmetics.co.uk/media/export/cms/products/smoosh/mac_smoosh_S4FJ02.jpg'); background-color: #694c5d"></div></a>
                    </div>
            
            
              
              
             
              <div class="product__size"> 1.6 g </div>
            
              <div class="product_content_fav_mobile ">
              <a class="product__add-to-faves add-to-favorites js-add-to-favorites"
                 
                 href="#"
                 data-product='{"prodid": "PROD46277", "sku": "", "SKU_BASE_ID": ""}'
                 data-tooltip-added='Added to &lt;a href=http://www.maccosmetics.co.uk/"/account/favorites/index.tmpl">Favourites</a>!'
                 data-tooltip-removed='Item has been removed from your &lt;a href=http://www.maccosmetics.co.uk/"/account/favorites/index.tmpl">Favourites</a>'
                 data-default-fav='77379'>
                <i class="icon--heart-o"></i>
              </a>
              <div class="product__price ">
                      
                        
                        <span class="product__price--standard">£16.50 </span>
              </div>
              <div class="product__price_ppu">
              <span class="product__price_ppu--inside"></span></div>
              
              
              <ul class="product__inventory-status js-inv-status-list temp-out-of-stock_notifyme-spacing" data-sku-base-id="">
                <li class="js-inv-status-2 product__inv-status-item temp-out-of-stock display__notify-me">
                                  <div class="notify-status js-add-button" >
                  <a href="#" class ="js-notify-me notify_me" data-sku-inv-status=""  data-sku-base-id="">Notify Me!</a>
                </div>

                  <div class="temp-out-of-stock__text">Temp Out of Stock</div>
                  <div class="temp-out-of-stock-short__text">Temp Out of Stock</div>
                </li>
                <li class="js-inv-status-3 product__inv-status-item coming-soon display__notify-me ">                <div class="notify-status js-add-button" >
                  <a href="#" class ="js-notify-me notify_me" data-sku-inv-status=""  data-sku-base-id="">Notify Me!</a>
                </div>
<div class="coming-soon_text">Coming soon</div></li>
                <li class="js-inv-status-5 product__inv-status-item inactive">Sorry, this item is inactive.</li>
                <li class="js-inv-status-7 product__inv-status-item sold-out btn">Sold Out</li>
              </ul>
              <a class="product__link-to-spp js-product__link-to-spp" href="http://www.maccosmetics.co.uk/product/13838/46277/products/makeup/eyes/liner/kajal-crayon-diane-kendal" data-product='{"prodid": "PROD46277", "sku": ""}'  >Shop <span id="sku_count">4</span> Shades</a>
              <a class="product__link-custom js-product__link-to-spp" href="http://www.maccosmetics.co.uk/product/13838/46277/products/makeup/eyes/liner/kajal-crayon-diane-kendal" data-product='{"prodid": "PROD46277", "sku": ""}'></a>
              <a class="product__replenish hide-non-shoppable-product hide-non-orderable-product overlay-link" href="#" data-product='{"prodid": "PROD46277", "sku": ""}'></a>
            
            </footer>
          </div>
      
        </div>
      
      
      
      
      
      
          <div class="js-shade-picker__color"></div>
      
      
      </div>
    </div>
    <div data-match-height="mpp-items" class="grid--mpp__item" style="height: 480px;" data-sku-target="SKU77377" data-sku-base-target="77377">
      <div class="product
        
        
        
        
         product--teaser
         product--shaded
         product--teaser--mini
        
         product--sku-product
        
        
         product--defaultSku
        
        "
        id="product--prod_id-PROD46277"
        data-product='{"prodid":"PROD46277","sku":"SKU77377"}'
        data-product-id="PROD46277"
         data-sku-teaser="true"
        
        
        >
        <div class="product__detail">
          <div class="product__sku-details" id="product-detail-attach">
            <header class="product__header">
              <div class="product_header_details">
                <a class="product__name-link js-product__link-to-spp" href="http://www.maccosmetics.co.uk/product/13838/46277/products/makeup/eyes/liner/kajal-crayon-diane-kendal#/shade/Flourish_Me_Deep">
                    <h3 class="product__name">Kajal Crayon / Diane Kendal</h3>
                    <h3 class="product__name product__name_short"></h3>
                </a>
            
                    <p class="product__description-short">Vivid Colour, Safe for Waterline, Limited Edition</p>
            
                      <div class="product__mini-detail product__mini-detail--shade product__shade-name">
                        Shade: <span> Flourish Me Deep </span>
                        <a href="#" class="product__product-life-tooltip js-shade-description-tooltip" data-title=""></a>
                      </div>
                    <p class="product__mini-detail product__mini-detail--size"> 1.6 g </p>
                  <div class="product__rating">
                    <span class="product__rating-non"></span></div>
                <div class="product__price">
                         
                          
                           <span class="product__price--standard">£16.50 </span>
                </div>
                <div class="product__faves--teaser product__faves--teaser_mobile">            <a class="product__add-to-faves add-to-favorites js-add-to-favorites"
               
               href="#"
               data-product='{"prodid": "PROD46277", "sku": "", "SKU_BASE_ID": ""}'
               data-tooltip-added='Added to &lt;a href=http://www.maccosmetics.co.uk/"/account/favorites/index.tmpl">Favourites</a>!'
               data-tooltip-removed='Item has been removed from your &lt;a href=http://www.maccosmetics.co.uk/"/account/favorites/index.tmpl">Favourites</a>'
               data-default-fav='77377'>
              <i class="icon--heart-o"></i>
            </a>
</div>
                <div class="product__price_set ">
                  <div class="product__price_ppu clear">
                  <span class="product__price_ppu--inside"></span></div>
                  
                </div>
                  <div class="product__faves--teaser">            <a class="product__add-to-faves add-to-favorites js-add-to-favorites"
               
               href="#"
               data-product='{"prodid": "PROD46277", "sku": "", "SKU_BASE_ID": ""}'
               data-tooltip-added='Added to &lt;a href=http://www.maccosmetics.co.uk/"/account/favorites/index.tmpl">Favourites</a>!'
               data-tooltip-removed='Item has been removed from your &lt;a href=http://www.maccosmetics.co.uk/"/account/favorites/index.tmpl">Favourites</a>'
               data-default-fav='77377'>
              <i class="icon--heart-o"></i>
            </a>
</div>
            
            
            
            
            
            </header>
            
            <div class="product__images js-shade-trigger">
            
              <div class="product__images-inner carousel-wrapper">
            
            
                  <div class="product__image-medium ">
                    <div class="js-inv-status-2 product__inv-status-item temp-out-of-stock__text">Temp Out of Stock</div> 
                    <div class="js-inv-status-3 product__inv-status-item coming_soon-full_text">Coming soon</div>
                    <a class="product__image-medium-link js-product__link-to-spp" href="http://www.maccosmetics.co.uk/product/13838/46277/products/makeup/eyes/liner/kajal-crayon-diane-kendal#/shade/Flourish_Me_Deep">
             
                        <img class="product__sku-image--rendered--medium fade-non-shoppable-product" src="http://www.maccosmetics.co.uk/media/export/cms/products/280x320/mac_sku_S4FJ01_280x320_0.jpg" alt="" title="Kajal Crayon / Diane Kendal" />
                    </a>
                  </div>
            
              </div>
            </div>
            
            
            <footer class="product__footer">
                <div class="view-all-shades view-all-shades--mobile hide-xlarge-up js-trigger-mobile-shade-selector">
                  <span class="view-all-shades__text">Shop <span id="sku_count">4</span> Shades</span>
                </div>
            
                <div class="product__product-details-shade">
            
                  <div class="product__product-details-shade-smoosh shade-picker__color-wrapper">
                    <a class="js-product__link-to-spp js-trigger-mobile-shade-selector" href="http://www.maccosmetics.co.uk/product/13838/46277/products/makeup/eyes/liner/kajal-crayon-diane-kendal#/shade/Flourish_Me_Deep"><div class="shade-picker__color-texture" style="background-image: url('http://www.maccosmetics.co.uk/media/export/cms/products/smoosh/mac_smoosh_S4FJ01.jpg'); background-color: "></div></a>
                  </div>
            
                  <div class="product__product-details-shade-name" style="color:;"></div>
                  <div class="product__product-details-shade-description"><a href="#" class="product__product-life-tooltip js-shade-description-tooltip" data-title=""></a></div>
                </div>
            
                    <div class="product__product-details-shade-smoosh product__product-details-shade-smoosh--mini shade-picker__color-wrapper shade-picker__color-wrapper--mini">
                      <a class="" href="http://www.maccosmetics.co.uk/product/13838/46277/products/makeup/eyes/liner/kajal-crayon-diane-kendal#/shade/Flourish_Me_Deep"><div class="shade-picker__color-texture" style="background-image: url('http://www.maccosmetics.co.uk/media/export/cms/products/smoosh/mac_smoosh_S4FJ01.jpg'); background-color: #393939"></div></a>
                    </div>
            
            
              
              
             
              <div class="product__size"> 1.6 g </div>
            
              <div class="product_content_fav_mobile ">
              <a class="product__add-to-faves add-to-favorites js-add-to-favorites"
                 
                 href="#"
                 data-product='{"prodid": "PROD46277", "sku": "", "SKU_BASE_ID": ""}'
                 data-tooltip-added='Added to &lt;a href=http://www.maccosmetics.co.uk/"/account/favorites/index.tmpl">Favourites</a>!'
                 data-tooltip-removed='Item has been removed from your &lt;a href=http://www.maccosmetics.co.uk/"/account/favorites/index.tmpl">Favourites</a>'
                 data-default-fav='77377'>
                <i class="icon--heart-o"></i>
              </a>
              <div class="product__price ">
                      
                        
                        <span class="product__price--standard">£16.50 </span>
              </div>
              <div class="product__price_ppu">
              <span class="product__price_ppu--inside"></span></div>
              
              
              <ul class="product__inventory-status js-inv-status-list temp-out-of-stock_notifyme-spacing" data-sku-base-id="">
                <li class="js-inv-status-2 product__inv-status-item temp-out-of-stock display__notify-me">
                                  <div class="notify-status js-add-button" >
                  <a href="#" class ="js-notify-me notify_me" data-sku-inv-status=""  data-sku-base-id="">Notify Me!</a>
                </div>

                  <div class="temp-out-of-stock__text">Temp Out of Stock</div>
                  <div class="temp-out-of-stock-short__text">Temp Out of Stock</div>
                </li>
                <li class="js-inv-status-3 product__inv-status-item coming-soon display__notify-me ">                <div class="notify-status js-add-button" >
                  <a href="#" class ="js-notify-me notify_me" data-sku-inv-status=""  data-sku-base-id="">Notify Me!</a>
                </div>
<div class="coming-soon_text">Coming soon</div></li>
                <li class="js-inv-status-5 product__inv-status-item inactive">Sorry, this item is inactive.</li>
                <li class="js-inv-status-7 product__inv-status-item sold-out btn">Sold Out</li>
              </ul>
              <a class="product__link-to-spp js-product__link-to-spp" href="http://www.maccosmetics.co.uk/product/13838/46277/products/makeup/eyes/liner/kajal-crayon-diane-kendal" data-product='{"prodid": "PROD46277", "sku": ""}'  >Shop <span id="sku_count">4</span> Shades</a>
              <a class="product__link-custom js-product__link-to-spp" href="http://www.maccosmetics.co.uk/product/13838/46277/products/makeup/eyes/liner/kajal-crayon-diane-kendal" data-product='{"prodid": "PROD46277", "sku": ""}'></a>
              <a class="product__replenish hide-non-shoppable-product hide-non-orderable-product overlay-link" href="#" data-product='{"prodid": "PROD46277", "sku": ""}'></a>
            
            </footer>
          </div>
      
        </div>
      
      
      
      
      
      
          <div class="js-shade-picker__color"></div>
      
      
      </div>
    </div>
    <div data-match-height="mpp-items" class="grid--mpp__item" style="height: 480px;" data-sku-target="SKU77375" data-sku-base-target="77375">
      <div class="product
        
        
        
        
         product--teaser
        
         product--teaser--mini
        
         product--sku-product
        
        
         product--defaultSku
        
        "
        id="product--prod_id-PROD46275"
        data-product='{"prodid":"PROD46275","sku":"SKU77375"}'
        data-product-id="PROD46275"
         data-sku-teaser="true"
        
        
        >
        <div class="product__detail">
          <div class="product__sku-details" id="product-detail-attach">
            <header class="product__header">
              <div class="product_header_details">
                <a class="product__name-link js-product__link-to-spp" href="http://www.maccosmetics.co.uk/product/13845/46275/products/makeup/face/face-kits/casual-colour-lip-cheek-colour-x-6-enhance-me">
                    <h3 class="product__name">Casual Colour Lip &amp; Cheek Colour X 6: Enhance Me</h3>
                    <h3 class="product__name product__name_short"></h3>
                </a>
            
                    <p class="product__description-short">Cream Formula, Multi-Use, Portable</p>
            
                    <p class="product__mini-detail product__mini-detail--size"> 6 g </p>
                  <div class="product__rating">
                    <span class="product__rating-non"></span></div>
                <div class="product__price">
                         
                          
                           <span class="product__price--standard">£36.00 </span>
                </div>
                <div class="product__faves--teaser product__faves--teaser_mobile">            <a class="product__add-to-faves add-to-favorites js-add-to-favorites"
               
               href="#"
               data-product='{"prodid": "PROD46275", "sku": "", "SKU_BASE_ID": ""}'
               data-tooltip-added='Added to &lt;a href=http://www.maccosmetics.co.uk/"/account/favorites/index.tmpl">Favourites</a>!'
               data-tooltip-removed='Item has been removed from your &lt;a href=http://www.maccosmetics.co.uk/"/account/favorites/index.tmpl">Favourites</a>'
               data-default-fav='77375'>
              <i class="icon--heart-o"></i>
            </a>
</div>
                <div class="product__price_set ">
                  <div class="product__price_ppu clear"><span class="product__size--ppu">6 g</span><span class="product__size--hiphen--ppu"> - </span>
                  <span class="product__price_ppu--inside">£60.00  / 10g</span></div>
                  
                </div>
                  <div class="product__faves--teaser">            <a class="product__add-to-faves add-to-favorites js-add-to-favorites"
               
               href="#"
               data-product='{"prodid": "PROD46275", "sku": "", "SKU_BASE_ID": ""}'
               data-tooltip-added='Added to &lt;a href=http://www.maccosmetics.co.uk/"/account/favorites/index.tmpl">Favourites</a>!'
               data-tooltip-removed='Item has been removed from your &lt;a href=http://www.maccosmetics.co.uk/"/account/favorites/index.tmpl">Favourites</a>'
               data-default-fav='77375'>
              <i class="icon--heart-o"></i>
            </a>
</div>
            
            
            
            
            
            </header>
            
            <div class="product__images js-shade-trigger">
            
              <div class="product__images-inner carousel-wrapper">
            
            
                  <div class="product__image-medium ">
                    <div class="js-inv-status-2 product__inv-status-item temp-out-of-stock__text">Temp Out of Stock</div> 
                    <div class="js-inv-status-3 product__inv-status-item coming_soon-full_text">Coming soon</div>
                    <a class="product__image-medium-link js-product__link-to-spp" href="http://www.maccosmetics.co.uk/product/13845/46275/products/makeup/face/face-kits/casual-colour-lip-cheek-colour-x-6-enhance-me">
             
                        <img class="product__sku-image--rendered--medium fade-non-shoppable-product" src="http://www.maccosmetics.co.uk/media/export/cms/products/280x320/mac_sku_S4FE01_280x320_0.jpg" alt="" title="Casual Colour Lip &amp; Cheek Colour X 6: Enhance Me" />
                    </a>
                  </div>
            
              </div>
            </div>
            
            
            <footer class="product__footer">
            
            
            
              
              
             
              <div class="product__size"> 6 g </div>
            
              <div class="product_content_fav_mobile ">
              <a class="product__add-to-faves add-to-favorites js-add-to-favorites"
                 
                 href="#"
                 data-product='{"prodid": "PROD46275", "sku": "", "SKU_BASE_ID": ""}'
                 data-tooltip-added='Added to &lt;a href=http://www.maccosmetics.co.uk/"/account/favorites/index.tmpl">Favourites</a>!'
                 data-tooltip-removed='Item has been removed from your &lt;a href=http://www.maccosmetics.co.uk/"/account/favorites/index.tmpl">Favourites</a>'
                 data-default-fav='77375'>
                <i class="icon--heart-o"></i>
              </a>
              <div class="product__price ">
                      
                        
                        <span class="product__price--standard">£36.00 </span>
              </div>
              <div class="product__price_ppu"><span class="product__size--ppu">6 g</span><span class="product__size--hiphen--ppu"> - </span>
              <span class="product__price_ppu--inside">£60.00  / 10g</span></div>
              
              
              <ul class="product__inventory-status js-inv-status-list temp-out-of-stock_notifyme-spacing" data-sku-base-id="">
                <li class="js-inv-status-2 product__inv-status-item temp-out-of-stock display__notify-me">
                                  <div class="notify-status js-add-button" >
                  <a href="#" class ="js-notify-me notify_me" data-sku-inv-status=""  data-sku-base-id="">Notify Me!</a>
                </div>

                  <div class="temp-out-of-stock__text">Temp Out of Stock</div>
                  <div class="temp-out-of-stock-short__text">Temp Out of Stock</div>
                </li>
                <li class="js-inv-status-3 product__inv-status-item coming-soon display__notify-me ">                <div class="notify-status js-add-button" >
                  <a href="#" class ="js-notify-me notify_me" data-sku-inv-status=""  data-sku-base-id="">Notify Me!</a>
                </div>
<div class="coming-soon_text">Coming soon</div></li>
                <li class="js-inv-status-5 product__inv-status-item inactive">Sorry, this item is inactive.</li>
                <li class="js-inv-status-7 product__inv-status-item sold-out btn">Sold Out</li>
              </ul>
              <a class="product__link-to-spp js-product__link-to-spp" href="http://www.maccosmetics.co.uk/product/13845/46275/products/makeup/face/face-kits/casual-colour-lip-cheek-colour-x-6-enhance-me" data-product='{"prodid": "PROD46275", "sku": ""}'  >Shop <span id="sku_count"></span> Shades</a>
              <a class="product__link-custom js-product__link-to-spp" href="http://www.maccosmetics.co.uk/product/13845/46275/products/makeup/face/face-kits/casual-colour-lip-cheek-colour-x-6-enhance-me" data-product='{"prodid": "PROD46275", "sku": ""}'></a>
              <a class="product__replenish hide-non-shoppable-product hide-non-orderable-product overlay-link" href="#" data-product='{"prodid": "PROD46275", "sku": ""}'></a>
            
            </footer>
          </div>
      
        </div>
      
      
      
      </div>
    </div>
    <div data-match-height="mpp-items" class="grid--mpp__item" style="height: 480px;" data-sku-target="SKU77383" data-sku-base-target="77383">
      <div class="product
        
        
        
        
         product--teaser
        
         product--teaser--mini
        
         product--sku-product
        
        
         product--defaultSku
        
        "
        id="product--prod_id-PROD46279"
        data-product='{"prodid":"PROD46279","sku":"SKU77383"}'
        data-product-id="PROD46279"
         data-sku-teaser="true"
        
        
        >
        <div class="product__detail">
          <div class="product__sku-details" id="product-detail-attach">
            <header class="product__header">
              <div class="product_header_details">
                <a class="product__name-link js-product__link-to-spp" href="http://www.maccosmetics.co.uk/product/13844/46279/products/makeup/face/concealer/mac-studio-conceal-correct-x-6-cover-me">
                    <h3 class="product__name">M·A·C Studio Conceal &amp; Correct X 6: Cover Me</h3>
                    <h3 class="product__name product__name_short"></h3>
                </a>
            
                    <p class="product__description-short">8-Hour Wear, Non-Creasing, Limited Edition</p>
            
                    <p class="product__mini-detail product__mini-detail--size"> 6 g </p>
                  <div class="product__rating">
                    <span class="product__rating-non"></span></div>
                <div class="product__price">
                         
                          
                           <span class="product__price--standard">£36.00 </span>
                </div>
                <div class="product__faves--teaser product__faves--teaser_mobile">            <a class="product__add-to-faves add-to-favorites js-add-to-favorites"
               
               href="#"
               data-product='{"prodid": "PROD46279", "sku": "", "SKU_BASE_ID": ""}'
               data-tooltip-added='Added to &lt;a href=http://www.maccosmetics.co.uk/"/account/favorites/index.tmpl">Favourites</a>!'
               data-tooltip-removed='Item has been removed from your &lt;a href=http://www.maccosmetics.co.uk/"/account/favorites/index.tmpl">Favourites</a>'
               data-default-fav='77383'>
              <i class="icon--heart-o"></i>
            </a>
</div>
                <div class="product__price_set ">
                  <div class="product__price_ppu clear"><span class="product__size--ppu">6 g</span><span class="product__size--hiphen--ppu"> - </span>
                  <span class="product__price_ppu--inside">£60.00  / 10g</span></div>
                  
                </div>
                  <div class="product__faves--teaser">            <a class="product__add-to-faves add-to-favorites js-add-to-favorites"
               
               href="#"
               data-product='{"prodid": "PROD46279", "sku": "", "SKU_BASE_ID": ""}'
               data-tooltip-added='Added to &lt;a href=http://www.maccosmetics.co.uk/"/account/favorites/index.tmpl">Favourites</a>!'
               data-tooltip-removed='Item has been removed from your &lt;a href=http://www.maccosmetics.co.uk/"/account/favorites/index.tmpl">Favourites</a>'
               data-default-fav='77383'>
              <i class="icon--heart-o"></i>
            </a>
</div>
            
            
            
            
            
            </header>
            
            <div class="product__images js-shade-trigger">
            
              <div class="product__images-inner carousel-wrapper">
            
            
                  <div class="product__image-medium ">
                    <div class="js-inv-status-2 product__inv-status-item temp-out-of-stock__text">Temp Out of Stock</div> 
                    <div class="js-inv-status-3 product__inv-status-item coming_soon-full_text">Coming soon</div>
                    <a class="product__image-medium-link js-product__link-to-spp" href="http://www.maccosmetics.co.uk/product/13844/46279/products/makeup/face/concealer/mac-studio-conceal-correct-x-6-cover-me">
             
                        <img class="product__sku-image--rendered--medium fade-non-shoppable-product" src="http://www.maccosmetics.co.uk/media/export/cms/products/280x320/mac_sku_S4FG01_280x320_0.jpg" alt="" title="M·A·C Studio Conceal &amp; Correct X 6: Cover Me" />
                    </a>
                  </div>
            
              </div>
            </div>
            
            
            <footer class="product__footer">
            
            
            
              
              
             
              <div class="product__size"> 6 g </div>
            
              <div class="product_content_fav_mobile ">
              <a class="product__add-to-faves add-to-favorites js-add-to-favorites"
                 
                 href="#"
                 data-product='{"prodid": "PROD46279", "sku": "", "SKU_BASE_ID": ""}'
                 data-tooltip-added='Added to &lt;a href=http://www.maccosmetics.co.uk/"/account/favorites/index.tmpl">Favourites</a>!'
                 data-tooltip-removed='Item has been removed from your &lt;a href=http://www.maccosmetics.co.uk/"/account/favorites/index.tmpl">Favourites</a>'
                 data-default-fav='77383'>
                <i class="icon--heart-o"></i>
              </a>
              <div class="product__price ">
                      
                        
                        <span class="product__price--standard">£36.00 </span>
              </div>
              <div class="product__price_ppu"><span class="product__size--ppu">6 g</span><span class="product__size--hiphen--ppu"> - </span>
              <span class="product__price_ppu--inside">£60.00  / 10g</span></div>
              
              
              <ul class="product__inventory-status js-inv-status-list temp-out-of-stock_notifyme-spacing" data-sku-base-id="">
                <li class="js-inv-status-2 product__inv-status-item temp-out-of-stock display__notify-me">
                                  <div class="notify-status js-add-button" >
                  <a href="#" class ="js-notify-me notify_me" data-sku-inv-status=""  data-sku-base-id="">Notify Me!</a>
                </div>

                  <div class="temp-out-of-stock__text">Temp Out of Stock</div>
                  <div class="temp-out-of-stock-short__text">Temp Out of Stock</div>
                </li>
                <li class="js-inv-status-3 product__inv-status-item coming-soon display__notify-me ">                <div class="notify-status js-add-button" >
                  <a href="#" class ="js-notify-me notify_me" data-sku-inv-status=""  data-sku-base-id="">Notify Me!</a>
                </div>
<div class="coming-soon_text">Coming soon</div></li>
                <li class="js-inv-status-5 product__inv-status-item inactive">Sorry, this item is inactive.</li>
                <li class="js-inv-status-7 product__inv-status-item sold-out btn">Sold Out</li>
              </ul>
              <a class="product__link-to-spp js-product__link-to-spp" href="http://www.maccosmetics.co.uk/product/13844/46279/products/makeup/face/concealer/mac-studio-conceal-correct-x-6-cover-me" data-product='{"prodid": "PROD46279", "sku": ""}'  >Shop <span id="sku_count"></span> Shades</a>
              <a class="product__link-custom js-product__link-to-spp" href="http://www.maccosmetics.co.uk/product/13844/46279/products/makeup/face/concealer/mac-studio-conceal-correct-x-6-cover-me" data-product='{"prodid": "PROD46279", "sku": ""}'></a>
              <a class="product__replenish hide-non-shoppable-product hide-non-orderable-product overlay-link" href="#" data-product='{"prodid": "PROD46279", "sku": ""}'></a>
            
            </footer>
          </div>
      
        </div>
      
      
      
      </div>
    </div>
    <div data-match-height="mpp-items" class="grid--mpp__item" style="height: 480px;" data-sku-target="SKU77384" data-sku-base-target="77384">
      <div class="product
        
        
        
        
         product--teaser
         product--shaded
         product--teaser--mini
        
         product--sku-product
        
        
         product--defaultSku
        
        "
        id="product--prod_id-PROD46280"
        data-product='{"prodid":"PROD46280","sku":"SKU77384"}'
        data-product-id="PROD46280"
         data-sku-teaser="true"
        
        
        >
        <div class="product__detail">
          <div class="product__sku-details" id="product-detail-attach">
            <header class="product__header">
              <div class="product_header_details">
                <a class="product__name-link js-product__link-to-spp" href="http://www.maccosmetics.co.uk/product/13848/46280/products/makeup/face/multi-use/studio-quiktrik-stick-diane-kendal#/shade/Radiance_/_Shadow">
                    <h3 class="product__name">Studio QuikTrik Stick / Diane Kendal</h3>
                    <h3 class="product__name product__name_short"></h3>
                </a>
            
                    <p class="product__description-short">Double-Ended, Multi-Use, Limited Edition</p>
            
                      <div class="product__mini-detail product__mini-detail--shade product__shade-name">
                        Shade: <span> Radiance / Shadow </span>
                        <a href="#" class="product__product-life-tooltip js-shade-description-tooltip" data-title=""></a>
                      </div>
                    <p class="product__mini-detail product__mini-detail--size"> 12 g </p>
                  <div class="product__rating">
                    <span class="product__rating-non"></span></div>
                <div class="product__price">
                         
                          
                           <span class="product__price--standard">£27.00 </span>
                </div>
                <div class="product__faves--teaser product__faves--teaser_mobile">            <a class="product__add-to-faves add-to-favorites js-add-to-favorites"
               
               href="#"
               data-product='{"prodid": "PROD46280", "sku": "", "SKU_BASE_ID": ""}'
               data-tooltip-added='Added to &lt;a href=http://www.maccosmetics.co.uk/"/account/favorites/index.tmpl">Favourites</a>!'
               data-tooltip-removed='Item has been removed from your &lt;a href=http://www.maccosmetics.co.uk/"/account/favorites/index.tmpl">Favourites</a>'
               data-default-fav='77384'>
              <i class="icon--heart-o"></i>
            </a>
</div>
                <div class="product__price_set ">
                  <div class="product__price_ppu clear"><span class="product__size--ppu">12 g</span><span class="product__size--hiphen--ppu"> - </span>
                  <span class="product__price_ppu--inside">£22.50  / 10g</span></div>
                  
                </div>
                  <div class="product__faves--teaser">            <a class="product__add-to-faves add-to-favorites js-add-to-favorites"
               
               href="#"
               data-product='{"prodid": "PROD46280", "sku": "", "SKU_BASE_ID": ""}'
               data-tooltip-added='Added to &lt;a href=http://www.maccosmetics.co.uk/"/account/favorites/index.tmpl">Favourites</a>!'
               data-tooltip-removed='Item has been removed from your &lt;a href=http://www.maccosmetics.co.uk/"/account/favorites/index.tmpl">Favourites</a>'
               data-default-fav='77384'>
              <i class="icon--heart-o"></i>
            </a>
</div>
            
            
            
            
            
            </header>
            
            <div class="product__images js-shade-trigger">
            
              <div class="product__images-inner carousel-wrapper">
            
            
                  <div class="product__image-medium ">
                    <div class="js-inv-status-2 product__inv-status-item temp-out-of-stock__text">Temp Out of Stock</div> 
                    <div class="js-inv-status-3 product__inv-status-item coming_soon-full_text">Coming soon</div>
                    <a class="product__image-medium-link js-product__link-to-spp" href="http://www.maccosmetics.co.uk/product/13848/46280/products/makeup/face/multi-use/studio-quiktrik-stick-diane-kendal#/shade/Radiance_/_Shadow">
             
                        <img class="product__sku-image--rendered--medium fade-non-shoppable-product" src="http://www.maccosmetics.co.uk/media/export/cms/products/280x320/mac_sku_S4G901_280x320_0.jpg" alt="" title="Studio QuikTrik Stick / Diane Kendal" />
                    </a>
                  </div>
            
              </div>
            </div>
            
            
            <footer class="product__footer">
                <div class="view-all-shades view-all-shades--mobile hide-xlarge-up js-trigger-mobile-shade-selector">
                  <span class="view-all-shades__text">Shop <span id="sku_count">2</span> Shades</span>
                </div>
            
                <div class="product__product-details-shade">
            
                  <div class="product__product-details-shade-smoosh shade-picker__color-wrapper">
                    <a class="js-product__link-to-spp js-trigger-mobile-shade-selector" href="http://www.maccosmetics.co.uk/product/13848/46280/products/makeup/face/multi-use/studio-quiktrik-stick-diane-kendal#/shade/Radiance_/_Shadow"><div class="shade-picker__color-texture" style="background-image: url('http://www.maccosmetics.co.uk/media/export/cms/products/smoosh/mac_smoosh_S4G901.jpg'); background-color: "></div></a>
                  </div>
            
                  <div class="product__product-details-shade-name" style="color:;"></div>
                  <div class="product__product-details-shade-description"><a href="#" class="product__product-life-tooltip js-shade-description-tooltip" data-title=""></a></div>
                </div>
            
                    <div class="product__product-details-shade-smoosh product__product-details-shade-smoosh--mini shade-picker__color-wrapper shade-picker__color-wrapper--mini">
                      <a class="" href="http://www.maccosmetics.co.uk/product/13848/46280/products/makeup/face/multi-use/studio-quiktrik-stick-diane-kendal#/shade/Radiance_/_Shadow"><div class="shade-picker__color-texture" style="background-image: url('http://www.maccosmetics.co.uk/media/export/cms/products/smoosh/mac_smoosh_S4G901.jpg'); background-color: #7d5440"></div></a>
                    </div>
            
            
              
              
             
              <div class="product__size"> 12 g </div>
            
              <div class="product_content_fav_mobile ">
              <a class="product__add-to-faves add-to-favorites js-add-to-favorites"
                 
                 href="#"
                 data-product='{"prodid": "PROD46280", "sku": "", "SKU_BASE_ID": ""}'
                 data-tooltip-added='Added to &lt;a href=http://www.maccosmetics.co.uk/"/account/favorites/index.tmpl">Favourites</a>!'
                 data-tooltip-removed='Item has been removed from your &lt;a href=http://www.maccosmetics.co.uk/"/account/favorites/index.tmpl">Favourites</a>'
                 data-default-fav='77384'>
                <i class="icon--heart-o"></i>
              </a>
              <div class="product__price ">
                      
                        
                        <span class="product__price--standard">£27.00 </span>
              </div>
              <div class="product__price_ppu"><span class="product__size--ppu">12 g</span><span class="product__size--hiphen--ppu"> - </span>
              <span class="product__price_ppu--inside">£22.50  / 10g</span></div>
              
              
              <ul class="product__inventory-status js-inv-status-list temp-out-of-stock_notifyme-spacing" data-sku-base-id="">
                <li class="js-inv-status-2 product__inv-status-item temp-out-of-stock display__notify-me">
                                  <div class="notify-status js-add-button" >
                  <a href="#" class ="js-notify-me notify_me" data-sku-inv-status=""  data-sku-base-id="">Notify Me!</a>
                </div>

                  <div class="temp-out-of-stock__text">Temp Out of Stock</div>
                  <div class="temp-out-of-stock-short__text">Temp Out of Stock</div>
                </li>
                <li class="js-inv-status-3 product__inv-status-item coming-soon display__notify-me ">                <div class="notify-status js-add-button" >
                  <a href="#" class ="js-notify-me notify_me" data-sku-inv-status=""  data-sku-base-id="">Notify Me!</a>
                </div>
<div class="coming-soon_text">Coming soon</div></li>
                <li class="js-inv-status-5 product__inv-status-item inactive">Sorry, this item is inactive.</li>
                <li class="js-inv-status-7 product__inv-status-item sold-out btn">Sold Out</li>
              </ul>
              <a class="product__link-to-spp js-product__link-to-spp" href="http://www.maccosmetics.co.uk/product/13848/46280/products/makeup/face/multi-use/studio-quiktrik-stick-diane-kendal" data-product='{"prodid": "PROD46280", "sku": ""}'  >Shop <span id="sku_count">2</span> Shades</a>
              <a class="product__link-custom js-product__link-to-spp" href="http://www.maccosmetics.co.uk/product/13848/46280/products/makeup/face/multi-use/studio-quiktrik-stick-diane-kendal" data-product='{"prodid": "PROD46280", "sku": ""}'></a>
              <a class="product__replenish hide-non-shoppable-product hide-non-orderable-product overlay-link" href="#" data-product='{"prodid": "PROD46280", "sku": ""}'></a>
            
            </footer>
          </div>
      
        </div>
      
      
      
      
      
      
          <div class="js-shade-picker__color"></div>
      
      
      </div>
    </div>
    <div data-match-height="mpp-items" class="grid--mpp__item" style="height: 480px;" data-sku-target="SKU77385" data-sku-base-target="77385">
      <div class="product
        
        
        
        
         product--teaser
         product--shaded
         product--teaser--mini
        
         product--sku-product
        
        
         product--defaultSku
        
        "
        id="product--prod_id-PROD46280"
        data-product='{"prodid":"PROD46280","sku":"SKU77385"}'
        data-product-id="PROD46280"
         data-sku-teaser="true"
        
        
        >
        <div class="product__detail">
          <div class="product__sku-details" id="product-detail-attach">
            <header class="product__header">
              <div class="product_header_details">
                <a class="product__name-link js-product__link-to-spp" href="http://www.maccosmetics.co.uk/product/13848/46280/products/makeup/face/multi-use/studio-quiktrik-stick-diane-kendal#/shade/Sheen_/_Smoldering">
                    <h3 class="product__name">Studio QuikTrik Stick / Diane Kendal</h3>
                    <h3 class="product__name product__name_short"></h3>
                </a>
            
                    <p class="product__description-short">Double-Ended, Multi-Use, Limited Edition</p>
            
                      <div class="product__mini-detail product__mini-detail--shade product__shade-name">
                        Shade: <span> Sheen / Smoldering </span>
                        <a href="#" class="product__product-life-tooltip js-shade-description-tooltip" data-title=""></a>
                      </div>
                    <p class="product__mini-detail product__mini-detail--size"> 12 g </p>
                  <div class="product__rating">
                    <span class="product__rating-non"></span></div>
                <div class="product__price">
                         
                          
                           <span class="product__price--standard">£27.00 </span>
                </div>
                <div class="product__faves--teaser product__faves--teaser_mobile">            <a class="product__add-to-faves add-to-favorites js-add-to-favorites"
               
               href="#"
               data-product='{"prodid": "PROD46280", "sku": "", "SKU_BASE_ID": ""}'
               data-tooltip-added='Added to &lt;a href=http://www.maccosmetics.co.uk/"/account/favorites/index.tmpl">Favourites</a>!'
               data-tooltip-removed='Item has been removed from your &lt;a href=http://www.maccosmetics.co.uk/"/account/favorites/index.tmpl">Favourites</a>'
               data-default-fav='77385'>
              <i class="icon--heart-o"></i>
            </a>
</div>
                <div class="product__price_set ">
                  <div class="product__price_ppu clear"><span class="product__size--ppu">12 g</span><span class="product__size--hiphen--ppu"> - </span>
                  <span class="product__price_ppu--inside">£22.50  / 10g</span></div>
                  
                </div>
                  <div class="product__faves--teaser">            <a class="product__add-to-faves add-to-favorites js-add-to-favorites"
               
               href="#"
               data-product='{"prodid": "PROD46280", "sku": "", "SKU_BASE_ID": ""}'
               data-tooltip-added='Added to &lt;a href=http://www.maccosmetics.co.uk/"/account/favorites/index.tmpl">Favourites</a>!'
               data-tooltip-removed='Item has been removed from your &lt;a href=http://www.maccosmetics.co.uk/"/account/favorites/index.tmpl">Favourites</a>'
               data-default-fav='77385'>
              <i class="icon--heart-o"></i>
            </a>
</div>
            
            
            
            
            
            </header>
            
            <div class="product__images js-shade-trigger">
            
              <div class="product__images-inner carousel-wrapper">
            
            
                  <div class="product__image-medium ">
                    <div class="js-inv-status-2 product__inv-status-item temp-out-of-stock__text">Temp Out of Stock</div> 
                    <div class="js-inv-status-3 product__inv-status-item coming_soon-full_text">Coming soon</div>
                    <a class="product__image-medium-link js-product__link-to-spp" href="http://www.maccosmetics.co.uk/product/13848/46280/products/makeup/face/multi-use/studio-quiktrik-stick-diane-kendal#/shade/Sheen_/_Smoldering">
             
                        <img class="product__sku-image--rendered--medium fade-non-shoppable-product" src="http://www.maccosmetics.co.uk/media/export/cms/products/280x320/mac_sku_S4G902_280x320_0.jpg" alt="" title="Studio QuikTrik Stick / Diane Kendal" />
                    </a>
                  </div>
            
              </div>
            </div>
            
            
            <footer class="product__footer">
                <div class="view-all-shades view-all-shades--mobile hide-xlarge-up js-trigger-mobile-shade-selector">
                  <span class="view-all-shades__text">Shop <span id="sku_count">2</span> Shades</span>
                </div>
            
                <div class="product__product-details-shade">
            
                  <div class="product__product-details-shade-smoosh shade-picker__color-wrapper">
                    <a class="js-product__link-to-spp js-trigger-mobile-shade-selector" href="http://www.maccosmetics.co.uk/product/13848/46280/products/makeup/face/multi-use/studio-quiktrik-stick-diane-kendal#/shade/Sheen_/_Smoldering"><div class="shade-picker__color-texture" style="background-image: url('http://www.maccosmetics.co.uk/media/export/cms/products/smoosh/mac_smoosh_S4G901.jpg'); background-color: "></div></a>
                  </div>
            
                  <div class="product__product-details-shade-name" style="color:;"></div>
                  <div class="product__product-details-shade-description"><a href="#" class="product__product-life-tooltip js-shade-description-tooltip" data-title=""></a></div>
                </div>
            
                    <div class="product__product-details-shade-smoosh product__product-details-shade-smoosh--mini shade-picker__color-wrapper shade-picker__color-wrapper--mini">
                      <a class="" href="http://www.maccosmetics.co.uk/product/13848/46280/products/makeup/face/multi-use/studio-quiktrik-stick-diane-kendal#/shade/Sheen_/_Smoldering"><div class="shade-picker__color-texture" style="background-image: url('http://www.maccosmetics.co.uk/media/export/cms/products/smoosh/mac_smoosh_S4G902.jpg'); background-color: #46291f"></div></a>
                    </div>
            
            
              
              
             
              <div class="product__size"> 12 g </div>
            
              <div class="product_content_fav_mobile ">
              <a class="product__add-to-faves add-to-favorites js-add-to-favorites"
                 
                 href="#"
                 data-product='{"prodid": "PROD46280", "sku": "", "SKU_BASE_ID": ""}'
                 data-tooltip-added='Added to &lt;a href=http://www.maccosmetics.co.uk/"/account/favorites/index.tmpl">Favourites</a>!'
                 data-tooltip-removed='Item has been removed from your &lt;a href=http://www.maccosmetics.co.uk/"/account/favorites/index.tmpl">Favourites</a>'
                 data-default-fav='77385'>
                <i class="icon--heart-o"></i>
              </a>
              <div class="product__price ">
                      
                        
                        <span class="product__price--standard">£27.00 </span>
              </div>
              <div class="product__price_ppu"><span class="product__size--ppu">12 g</span><span class="product__size--hiphen--ppu"> - </span>
              <span class="product__price_ppu--inside">£22.50  / 10g</span></div>
              
              
              <ul class="product__inventory-status js-inv-status-list temp-out-of-stock_notifyme-spacing" data-sku-base-id="">
                <li class="js-inv-status-2 product__inv-status-item temp-out-of-stock display__notify-me">
                                  <div class="notify-status js-add-button" >
                  <a href="#" class ="js-notify-me notify_me" data-sku-inv-status=""  data-sku-base-id="">Notify Me!</a>
                </div>

                  <div class="temp-out-of-stock__text">Temp Out of Stock</div>
                  <div class="temp-out-of-stock-short__text">Temp Out of Stock</div>
                </li>
                <li class="js-inv-status-3 product__inv-status-item coming-soon display__notify-me ">                <div class="notify-status js-add-button" >
                  <a href="#" class ="js-notify-me notify_me" data-sku-inv-status=""  data-sku-base-id="">Notify Me!</a>
                </div>
<div class="coming-soon_text">Coming soon</div></li>
                <li class="js-inv-status-5 product__inv-status-item inactive">Sorry, this item is inactive.</li>
                <li class="js-inv-status-7 product__inv-status-item sold-out btn">Sold Out</li>
              </ul>
              <a class="product__link-to-spp js-product__link-to-spp" href="http://www.maccosmetics.co.uk/product/13848/46280/products/makeup/face/multi-use/studio-quiktrik-stick-diane-kendal" data-product='{"prodid": "PROD46280", "sku": ""}'  >Shop <span id="sku_count">2</span> Shades</a>
              <a class="product__link-custom js-product__link-to-spp" href="http://www.maccosmetics.co.uk/product/13848/46280/products/makeup/face/multi-use/studio-quiktrik-stick-diane-kendal" data-product='{"prodid": "PROD46280", "sku": ""}'></a>
              <a class="product__replenish hide-non-shoppable-product hide-non-orderable-product overlay-link" href="#" data-product='{"prodid": "PROD46280", "sku": ""}'></a>
            
            </footer>
          </div>
      
        </div>
      
      
      
      
      
      
          <div class="js-shade-picker__color"></div>
      
      
      </div>
    </div>
    <div data-match-height="mpp-items" class="grid--mpp__item" style="height: 480px;" data-sku-target="SKU77386" data-sku-base-target="77386">
      <div class="product
        
        
        
        
         product--teaser
        
         product--teaser--mini
        
         product--sku-product
        
        
         product--defaultSku
        
        "
        id="product--prod_id-PROD46281"
        data-product='{"prodid":"PROD46281","sku":"SKU77386"}'
        data-product-id="PROD46281"
         data-sku-teaser="true"
        
        
        >
        <div class="product__detail">
          <div class="product__sku-details" id="product-detail-attach">
            <header class="product__header">
              <div class="product_header_details">
                <a class="product__name-link js-product__link-to-spp" href="http://www.maccosmetics.co.uk/product/13804/46281/products/brushes-tools/brushes/eye-brushes/230se-multipurpose-detailing-brush-diane-kendal">
                    <h3 class="product__name">230SE Multipurpose Detailing Brush / Diane Kendal</h3>
                    <h3 class="product__name product__name_short"></h3>
                </a>
            
                    <p class="product__description-short">For Powders/Creams, Paddle-Shaped, Special Edition</p>
            
                    <p class="product__mini-detail product__mini-detail--size">  </p>
                  <div class="product__rating">
                    <span class="product__rating-non"></span></div>
                <div class="product__price">
                         
                          
                           <span class="product__price--standard">£23.00 </span>
                </div>
                <div class="product__faves--teaser product__faves--teaser_mobile">            <a class="product__add-to-faves add-to-favorites js-add-to-favorites"
               
               href="#"
               data-product='{"prodid": "PROD46281", "sku": "", "SKU_BASE_ID": ""}'
               data-tooltip-added='Added to &lt;a href=http://www.maccosmetics.co.uk/"/account/favorites/index.tmpl">Favourites</a>!'
               data-tooltip-removed='Item has been removed from your &lt;a href=http://www.maccosmetics.co.uk/"/account/favorites/index.tmpl">Favourites</a>'
               data-default-fav='77386'>
              <i class="icon--heart-o"></i>
            </a>
</div>
                <div class="product__price_set ">
                  <div class="product__price_ppu clear">
                  <span class="product__price_ppu--inside"></span></div>
                  
                </div>
                  <div class="product__faves--teaser">            <a class="product__add-to-faves add-to-favorites js-add-to-favorites"
               
               href="#"
               data-product='{"prodid": "PROD46281", "sku": "", "SKU_BASE_ID": ""}'
               data-tooltip-added='Added to &lt;a href=http://www.maccosmetics.co.uk/"/account/favorites/index.tmpl">Favourites</a>!'
               data-tooltip-removed='Item has been removed from your &lt;a href=http://www.maccosmetics.co.uk/"/account/favorites/index.tmpl">Favourites</a>'
               data-default-fav='77386'>
              <i class="icon--heart-o"></i>
            </a>
</div>
            
            
            
            
            
            </header>
            
            <div class="product__images js-shade-trigger">
            
              <div class="product__images-inner carousel-wrapper">
            
            
                  <div class="product__image-medium ">
                    <div class="js-inv-status-2 product__inv-status-item temp-out-of-stock__text">Temp Out of Stock</div> 
                    <div class="js-inv-status-3 product__inv-status-item coming_soon-full_text">Coming soon</div>
                    <a class="product__image-medium-link js-product__link-to-spp" href="http://www.maccosmetics.co.uk/product/13804/46281/products/brushes-tools/brushes/eye-brushes/230se-multipurpose-detailing-brush-diane-kendal">
             
                        <img class="product__sku-image--rendered--medium fade-non-shoppable-product" src="http://www.maccosmetics.co.uk/media/export/cms/products/280x320/mac_sku_S4FK01_280x320_0.jpg" alt="" title="230SE Multipurpose Detailing Brush / Diane Kendal" />
                    </a>
                  </div>
            
              </div>
            </div>
            
            
            <footer class="product__footer">
            
            
            
              
              
             
              <div class="product__size">  </div>
            
              <div class="product_content_fav_mobile ">
              <a class="product__add-to-faves add-to-favorites js-add-to-favorites"
                 
                 href="#"
                 data-product='{"prodid": "PROD46281", "sku": "", "SKU_BASE_ID": ""}'
                 data-tooltip-added='Added to &lt;a href=http://www.maccosmetics.co.uk/"/account/favorites/index.tmpl">Favourites</a>!'
                 data-tooltip-removed='Item has been removed from your &lt;a href=http://www.maccosmetics.co.uk/"/account/favorites/index.tmpl">Favourites</a>'
                 data-default-fav='77386'>
                <i class="icon--heart-o"></i>
              </a>
              <div class="product__price ">
                      
                        
                        <span class="product__price--standard">£23.00 </span>
              </div>
              <div class="product__price_ppu">
              <span class="product__price_ppu--inside"></span></div>
              
              
              <ul class="product__inventory-status js-inv-status-list temp-out-of-stock_notifyme-spacing" data-sku-base-id="">
                <li class="js-inv-status-2 product__inv-status-item temp-out-of-stock display__notify-me">
                                  <div class="notify-status js-add-button" >
                  <a href="#" class ="js-notify-me notify_me" data-sku-inv-status=""  data-sku-base-id="">Notify Me!</a>
                </div>

                  <div class="temp-out-of-stock__text">Temp Out of Stock</div>
                  <div class="temp-out-of-stock-short__text">Temp Out of Stock</div>
                </li>
                <li class="js-inv-status-3 product__inv-status-item coming-soon display__notify-me ">                <div class="notify-status js-add-button" >
                  <a href="#" class ="js-notify-me notify_me" data-sku-inv-status=""  data-sku-base-id="">Notify Me!</a>
                </div>
<div class="coming-soon_text">Coming soon</div></li>
                <li class="js-inv-status-5 product__inv-status-item inactive">Sorry, this item is inactive.</li>
                <li class="js-inv-status-7 product__inv-status-item sold-out btn">Sold Out</li>
              </ul>
              <a class="product__link-to-spp js-product__link-to-spp" href="http://www.maccosmetics.co.uk/product/13804/46281/products/brushes-tools/brushes/eye-brushes/230se-multipurpose-detailing-brush-diane-kendal" data-product='{"prodid": "PROD46281", "sku": ""}'  >Shop <span id="sku_count"></span> Shades</a>
              <a class="product__link-custom js-product__link-to-spp" href="http://www.maccosmetics.co.uk/product/13804/46281/products/brushes-tools/brushes/eye-brushes/230se-multipurpose-detailing-brush-diane-kendal" data-product='{"prodid": "PROD46281", "sku": ""}'></a>
              <a class="product__replenish hide-non-shoppable-product hide-non-orderable-product overlay-link" href="#" data-product='{"prodid": "PROD46281", "sku": ""}'></a>
            
            </footer>
          </div>
      
        </div>
      
      
      
      </div>
    </div>
  </div>
</section>

      <div class="basic-nodeblock-reference-v1 ">
    <div id="node-70834" class="node node-elc-nodeblock no-sidebars clearfix" role="article" trackname="Video Collection - Make-Up Art Cosmetics Diane Kendal|Video Collection - Make-Up Art Cosmetics Diane Kendal|global">
  <div class="content">
    
  <div class="collection-video-player-v1 collection-video-player-wrapper collection-content-block-v1 responsive-container">
  <div class="collection-video-player js-collection-video-player">
    <div class="collection-video-player__content js-invert-close" data-thumbnail-image="/media/export/cms/collections/makeupartcosmetics/makeupartcosmetics_dkendal_video.jpg" data-video-provider="youtube" data-youtube-id="yhsEmEw50yw?rel=0&amp;amp;showinfo=0">
      <div class="collection-video-player__media">
        <div class="collection-video-player__media--inner-wrap js-play">
            <img src="http://www.maccosmetics.co.uk/media/export/cms/collections/makeupartcosmetics/makeupartcosmetics_dkendal_video.jpg" class="collection-video-player__image" alt="" />

          <div class="text">
            
            
            <div class="teaser">  </div>

          </div>

        </div>
      </div>
    </div>
  </div>
  <div class="clearfix"></div>

</div>
  </div>
</div>


  </div>

    <section class="mpp-custom-product-layout-v1 mpp-custom responsive-container expando-block expando-block--expanded ">
  <a class="mpp-custom__anchor" name="jameskaliardos" id="jameskaliardos"></a>
  <header class="mpp-custom__header clearfix">
    <h4 class="align-center mobile_hidden">James Kaliardos</h4>
    <div class="expando-block__title js-expando-block-trigger"><span>James Kaliardos</span><i class="icon--arrow--right expando-block__icon"></i></div>
  </header>

  <div class="grid--mpp expando-block__content">
  
    <div data-match-height="mpp-items" class="grid--mpp__item" style="height: 480px;" data-sku-target="SKU77227" data-sku-base-target="77227">
      <div class="product
        
        
        
        
         product--teaser
         product--shaded
        
        
         product--sku-product
        
        
         product--defaultSku
        
        "
        id="product--prod_id-PROD46138"
        data-product='{"prodid":"PROD46138","sku":"SKU77227"}'
        data-product-id="PROD46138"
        
        
        
        >
        <div class="product__detail">
          <div class="product__sku-details" id="product-detail-attach">
            <header class="product__header">
              <div class="product_header_details">
                <a class="product__name-link js-product__link-to-spp" href="http://www.maccosmetics.co.uk/product/13840/46138/products/makeup/eyes/shadow/into-the-well-eye-shadow-james-kaliardos#/shade/Matte_Galena">
                    <h3 class="product__name">Into the Well Eye Shadow / James Kaliardos</h3>
                    <h3 class="product__name product__name_short"></h3>
                </a>
            
                    <p class="product__description-short">Colour-True, Eye Shadow/Eye Liner, Wet/Dry Formula</p>
            
                  <div class="product__rating">
                    <span class="product__rating-non"></span></div>
                <div class="product__price">
                         
                          
                           <span class="product__price--standard">£16.00 </span>
                </div>
                <div class="product__faves--teaser product__faves--teaser_mobile">            <a class="product__add-to-faves add-to-favorites js-add-to-favorites"
               
               href="#"
               data-product='{"prodid": "PROD46138", "sku": "", "SKU_BASE_ID": ""}'
               data-tooltip-added='Added to &lt;a href=http://www.maccosmetics.co.uk/"/account/favorites/index.tmpl">Favourites</a>!'
               data-tooltip-removed='Item has been removed from your &lt;a href=http://www.maccosmetics.co.uk/"/account/favorites/index.tmpl">Favourites</a>'
               data-default-fav='77227'>
              <i class="icon--heart-o"></i>
            </a>
</div>
                <div class="product__price_set ">
                  <div class="product__price_ppu clear">
                  <span class="product__price_ppu--inside"></span></div>
                  
                </div>
                  <div class="product__faves--teaser">            <a class="product__add-to-faves add-to-favorites js-add-to-favorites"
               
               href="#"
               data-product='{"prodid": "PROD46138", "sku": "", "SKU_BASE_ID": ""}'
               data-tooltip-added='Added to &lt;a href=http://www.maccosmetics.co.uk/"/account/favorites/index.tmpl">Favourites</a>!'
               data-tooltip-removed='Item has been removed from your &lt;a href=http://www.maccosmetics.co.uk/"/account/favorites/index.tmpl">Favourites</a>'
               data-default-fav='77227'>
              <i class="icon--heart-o"></i>
            </a>
</div>
            
            
            
            
            
            </header>
            
            <div class="product__images js-shade-trigger">
            
              <div class="product__images-inner carousel-wrapper">
            
            
                  <div class="product__image-medium ">
                    <div class="js-inv-status-2 product__inv-status-item temp-out-of-stock__text">Temp Out of Stock</div> 
                    <div class="js-inv-status-3 product__inv-status-item coming_soon-full_text">Coming soon</div>
                    <a class="product__image-medium-link js-product__link-to-spp" href="http://www.maccosmetics.co.uk/product/13840/46138/products/makeup/eyes/shadow/into-the-well-eye-shadow-james-kaliardos#/shade/Matte_Galena">
             
                        <img class="product__sku-image--rendered--medium fade-non-shoppable-product" src="http://www.maccosmetics.co.uk/media/export/cms/products/280x320/mac_sku_S4ET09_280x320_0.jpg" alt="" title="Into the Well Eye Shadow / James Kaliardos" />
                    </a>
                  </div>
            
              </div>
            </div>
            
            
            <footer class="product__footer">
                <div class="view-all-shades view-all-shades--mobile hide-xlarge-up js-trigger-mobile-shade-selector">
                  <span class="view-all-shades__text">Shop <span id="sku_count">2</span> Shades</span>
                </div>
            
                <div class="product__product-details-shade">
            
                  <div class="product__product-details-shade-smoosh shade-picker__color-wrapper">
                    <a class="js-product__link-to-spp js-trigger-mobile-shade-selector" href="http://www.maccosmetics.co.uk/product/13840/46138/products/makeup/eyes/shadow/into-the-well-eye-shadow-james-kaliardos#/shade/Matte_Galena"><div class="shade-picker__color-texture" style="background-image: url('http://www.maccosmetics.co.uk/media/export/cms/products/smoosh/mac_smoosh_S4ET09.jpg'); background-color: "></div></a>
                  </div>
            
                  <div class="product__product-details-shade-name" style="color:;"></div>
                  <div class="product__product-details-shade-description"><a href="#" class="product__product-life-tooltip js-shade-description-tooltip" data-title=""></a></div>
                </div>
            
            
            
              
              
             
              <div class="product__size"> 2.25 g </div>
            
              <div class="product_content_fav_mobile ">
              <a class="product__add-to-faves add-to-favorites js-add-to-favorites"
                 
                 href="#"
                 data-product='{"prodid": "PROD46138", "sku": "", "SKU_BASE_ID": ""}'
                 data-tooltip-added='Added to &lt;a href=http://www.maccosmetics.co.uk/"/account/favorites/index.tmpl">Favourites</a>!'
                 data-tooltip-removed='Item has been removed from your &lt;a href=http://www.maccosmetics.co.uk/"/account/favorites/index.tmpl">Favourites</a>'
                 data-default-fav='77227'>
                <i class="icon--heart-o"></i>
              </a>
              <div class="product__price ">
                      
                        
                        <span class="product__price--standard">£16.00 </span>
              </div>
              <div class="product__price_ppu">
              <span class="product__price_ppu--inside"></span></div>
              
              
              <ul class="product__inventory-status js-inv-status-list temp-out-of-stock_notifyme-spacing" data-sku-base-id="">
                <li class="js-inv-status-2 product__inv-status-item temp-out-of-stock display__notify-me">
                                  <div class="notify-status js-add-button" >
                  <a href="#" class ="js-notify-me notify_me" data-sku-inv-status=""  data-sku-base-id="">Notify Me!</a>
                </div>

                  <div class="temp-out-of-stock__text">Temp Out of Stock</div>
                  <div class="temp-out-of-stock-short__text">Temp Out of Stock</div>
                </li>
                <li class="js-inv-status-3 product__inv-status-item coming-soon display__notify-me ">                <div class="notify-status js-add-button" >
                  <a href="#" class ="js-notify-me notify_me" data-sku-inv-status=""  data-sku-base-id="">Notify Me!</a>
                </div>
<div class="coming-soon_text">Coming soon</div></li>
                <li class="js-inv-status-5 product__inv-status-item inactive">Sorry, this item is inactive.</li>
                <li class="js-inv-status-7 product__inv-status-item sold-out btn">Sold Out</li>
              </ul>
              <a class="product__link-to-spp js-product__link-to-spp" href="http://www.maccosmetics.co.uk/product/13840/46138/products/makeup/eyes/shadow/into-the-well-eye-shadow-james-kaliardos" data-product='{"prodid": "PROD46138", "sku": ""}'  >Shop <span id="sku_count">2</span> Shades</a>
              <a class="product__link-custom js-product__link-to-spp" href="http://www.maccosmetics.co.uk/product/13840/46138/products/makeup/eyes/shadow/into-the-well-eye-shadow-james-kaliardos" data-product='{"prodid": "PROD46138", "sku": ""}'></a>
              <a class="product__replenish hide-non-shoppable-product hide-non-orderable-product overlay-link" href="#" data-product='{"prodid": "PROD46138", "sku": ""}'></a>
            
            </footer>
          </div>
      
        </div>
      
      
      
      
      
      
          <div class="js-shade-picker__color"></div>
      
      
      </div>
    </div>
    <div data-match-height="mpp-items" class="grid--mpp__item" style="height: 480px;" data-sku-target="SKU77228" data-sku-base-target="77228">
      <div class="product
        
        
        
        
         product--teaser
         product--shaded
        
        
         product--sku-product
        
        
         product--defaultSku
        
        "
        id="product--prod_id-PROD46138"
        data-product='{"prodid":"PROD46138","sku":"SKU77228"}'
        data-product-id="PROD46138"
        
        
        
        >
        <div class="product__detail">
          <div class="product__sku-details" id="product-detail-attach">
            <header class="product__header">
              <div class="product_header_details">
                <a class="product__name-link js-product__link-to-spp" href="http://www.maccosmetics.co.uk/product/13840/46138/products/makeup/eyes/shadow/into-the-well-eye-shadow-james-kaliardos#/shade/Midnight_Tryst">
                    <h3 class="product__name">Into the Well Eye Shadow / James Kaliardos</h3>
                    <h3 class="product__name product__name_short"></h3>
                </a>
            
                    <p class="product__description-short">Colour-True, Eye Shadow/Eye Liner, Wet/Dry Formula</p>
            
                  <div class="product__rating">
                    <span class="product__rating-non"></span></div>
                <div class="product__price">
                         
                          
                           <span class="product__price--standard">£16.00 </span>
                </div>
                <div class="product__faves--teaser product__faves--teaser_mobile">            <a class="product__add-to-faves add-to-favorites js-add-to-favorites"
               
               href="#"
               data-product='{"prodid": "PROD46138", "sku": "", "SKU_BASE_ID": ""}'
               data-tooltip-added='Added to &lt;a href=http://www.maccosmetics.co.uk/"/account/favorites/index.tmpl">Favourites</a>!'
               data-tooltip-removed='Item has been removed from your &lt;a href=http://www.maccosmetics.co.uk/"/account/favorites/index.tmpl">Favourites</a>'
               data-default-fav='77228'>
              <i class="icon--heart-o"></i>
            </a>
</div>
                <div class="product__price_set ">
                  <div class="product__price_ppu clear">
                  <span class="product__price_ppu--inside"></span></div>
                  
                </div>
                  <div class="product__faves--teaser">            <a class="product__add-to-faves add-to-favorites js-add-to-favorites"
               
               href="#"
               data-product='{"prodid": "PROD46138", "sku": "", "SKU_BASE_ID": ""}'
               data-tooltip-added='Added to &lt;a href=http://www.maccosmetics.co.uk/"/account/favorites/index.tmpl">Favourites</a>!'
               data-tooltip-removed='Item has been removed from your &lt;a href=http://www.maccosmetics.co.uk/"/account/favorites/index.tmpl">Favourites</a>'
               data-default-fav='77228'>
              <i class="icon--heart-o"></i>
            </a>
</div>
            
            
            
            
            
            </header>
            
            <div class="product__images js-shade-trigger">
            
              <div class="product__images-inner carousel-wrapper">
            
            
                  <div class="product__image-medium ">
                    <div class="js-inv-status-2 product__inv-status-item temp-out-of-stock__text">Temp Out of Stock</div> 
                    <div class="js-inv-status-3 product__inv-status-item coming_soon-full_text">Coming soon</div>
                    <a class="product__image-medium-link js-product__link-to-spp" href="http://www.maccosmetics.co.uk/product/13840/46138/products/makeup/eyes/shadow/into-the-well-eye-shadow-james-kaliardos#/shade/Midnight_Tryst">
             
                        <img class="product__sku-image--rendered--medium fade-non-shoppable-product" src="http://www.maccosmetics.co.uk/media/export/cms/products/280x320/mac_sku_S4ET03_280x320_0.jpg" alt="" title="Into the Well Eye Shadow / James Kaliardos" />
                    </a>
                  </div>
            
              </div>
            </div>
            
            
            <footer class="product__footer">
                <div class="view-all-shades view-all-shades--mobile hide-xlarge-up js-trigger-mobile-shade-selector">
                  <span class="view-all-shades__text">Shop <span id="sku_count">2</span> Shades</span>
                </div>
            
                <div class="product__product-details-shade">
            
                  <div class="product__product-details-shade-smoosh shade-picker__color-wrapper">
                    <a class="js-product__link-to-spp js-trigger-mobile-shade-selector" href="http://www.maccosmetics.co.uk/product/13840/46138/products/makeup/eyes/shadow/into-the-well-eye-shadow-james-kaliardos#/shade/Midnight_Tryst"><div class="shade-picker__color-texture" style="background-image: url('http://www.maccosmetics.co.uk/media/export/cms/products/smoosh/mac_smoosh_S4ET09.jpg'); background-color: "></div></a>
                  </div>
            
                  <div class="product__product-details-shade-name" style="color:;"></div>
                  <div class="product__product-details-shade-description"><a href="#" class="product__product-life-tooltip js-shade-description-tooltip" data-title=""></a></div>
                </div>
            
            
            
              
              
             
              <div class="product__size"> 2.25 g </div>
            
              <div class="product_content_fav_mobile ">
              <a class="product__add-to-faves add-to-favorites js-add-to-favorites"
                 
                 href="#"
                 data-product='{"prodid": "PROD46138", "sku": "", "SKU_BASE_ID": ""}'
                 data-tooltip-added='Added to &lt;a href=http://www.maccosmetics.co.uk/"/account/favorites/index.tmpl">Favourites</a>!'
                 data-tooltip-removed='Item has been removed from your &lt;a href=http://www.maccosmetics.co.uk/"/account/favorites/index.tmpl">Favourites</a>'
                 data-default-fav='77228'>
                <i class="icon--heart-o"></i>
              </a>
              <div class="product__price ">
                      
                        
                        <span class="product__price--standard">£16.00 </span>
              </div>
              <div class="product__price_ppu">
              <span class="product__price_ppu--inside"></span></div>
              
              
              <ul class="product__inventory-status js-inv-status-list temp-out-of-stock_notifyme-spacing" data-sku-base-id="">
                <li class="js-inv-status-2 product__inv-status-item temp-out-of-stock display__notify-me">
                                  <div class="notify-status js-add-button" >
                  <a href="#" class ="js-notify-me notify_me" data-sku-inv-status=""  data-sku-base-id="">Notify Me!</a>
                </div>

                  <div class="temp-out-of-stock__text">Temp Out of Stock</div>
                  <div class="temp-out-of-stock-short__text">Temp Out of Stock</div>
                </li>
                <li class="js-inv-status-3 product__inv-status-item coming-soon display__notify-me ">                <div class="notify-status js-add-button" >
                  <a href="#" class ="js-notify-me notify_me" data-sku-inv-status=""  data-sku-base-id="">Notify Me!</a>
                </div>
<div class="coming-soon_text">Coming soon</div></li>
                <li class="js-inv-status-5 product__inv-status-item inactive">Sorry, this item is inactive.</li>
                <li class="js-inv-status-7 product__inv-status-item sold-out btn">Sold Out</li>
              </ul>
              <a class="product__link-to-spp js-product__link-to-spp" href="http://www.maccosmetics.co.uk/product/13840/46138/products/makeup/eyes/shadow/into-the-well-eye-shadow-james-kaliardos" data-product='{"prodid": "PROD46138", "sku": ""}'  >Shop <span id="sku_count">2</span> Shades</a>
              <a class="product__link-custom js-product__link-to-spp" href="http://www.maccosmetics.co.uk/product/13840/46138/products/makeup/eyes/shadow/into-the-well-eye-shadow-james-kaliardos" data-product='{"prodid": "PROD46138", "sku": ""}'></a>
              <a class="product__replenish hide-non-shoppable-product hide-non-orderable-product overlay-link" href="#" data-product='{"prodid": "PROD46138", "sku": ""}'></a>
            
            </footer>
          </div>
      
        </div>
      
      
      
      
      
      
          <div class="js-shade-picker__color"></div>
      
      
      </div>
    </div>
    <div data-match-height="mpp-items" class="grid--mpp__item" style="height: 480px;" data-sku-target="SKU77307" data-sku-base-target="77307">
      <div class="product
        
        
        
        
         product--teaser
         product--shaded
        
        
         product--sku-product
        
        
         product--defaultSku
        
        "
        id="product--prod_id-PROD46217"
        data-product='{"prodid":"PROD46217","sku":"SKU77307"}'
        data-product-id="PROD46217"
        
        
        
        >
        <div class="product__detail">
          <div class="product__sku-details" id="product-detail-attach">
            <header class="product__header">
              <div class="product_header_details">
                <a class="product__name-link js-product__link-to-spp" href="http://www.maccosmetics.co.uk/product/13848/46217/products/makeup/face/multi-use/pressed-pigment-james-kaliardos#/shade/Light_Touch">
                    <h3 class="product__name">Pressed Pigment / James Kaliardos</h3>
                    <h3 class="product__name product__name_short"></h3>
                </a>
            
                    <p class="product__description-short">High Shine, Wet/Dry Formula, Cream-Like</p>
            
                  <div class="product__rating">
                    <span class="product__rating-non"></span></div>
                <div class="product__price">
                         
                          
                           <span class="product__price--standard">£16.50 </span>
                </div>
                <div class="product__faves--teaser product__faves--teaser_mobile">            <a class="product__add-to-faves add-to-favorites js-add-to-favorites"
               
               href="#"
               data-product='{"prodid": "PROD46217", "sku": "", "SKU_BASE_ID": ""}'
               data-tooltip-added='Added to &lt;a href=http://www.maccosmetics.co.uk/"/account/favorites/index.tmpl">Favourites</a>!'
               data-tooltip-removed='Item has been removed from your &lt;a href=http://www.maccosmetics.co.uk/"/account/favorites/index.tmpl">Favourites</a>'
               data-default-fav='77307'>
              <i class="icon--heart-o"></i>
            </a>
</div>
                <div class="product__price_set ">
                  <div class="product__price_ppu clear">
                  <span class="product__price_ppu--inside"></span></div>
                  
                </div>
                  <div class="product__faves--teaser">            <a class="product__add-to-faves add-to-favorites js-add-to-favorites"
               
               href="#"
               data-product='{"prodid": "PROD46217", "sku": "", "SKU_BASE_ID": ""}'
               data-tooltip-added='Added to &lt;a href=http://www.maccosmetics.co.uk/"/account/favorites/index.tmpl">Favourites</a>!'
               data-tooltip-removed='Item has been removed from your &lt;a href=http://www.maccosmetics.co.uk/"/account/favorites/index.tmpl">Favourites</a>'
               data-default-fav='77307'>
              <i class="icon--heart-o"></i>
            </a>
</div>
            
            
            
            
            
            </header>
            
            <div class="product__images js-shade-trigger">
            
              <div class="product__images-inner carousel-wrapper">
            
            
                  <div class="product__image-medium ">
                    <div class="js-inv-status-2 product__inv-status-item temp-out-of-stock__text">Temp Out of Stock</div> 
                    <div class="js-inv-status-3 product__inv-status-item coming_soon-full_text">Coming soon</div>
                    <a class="product__image-medium-link js-product__link-to-spp" href="http://www.maccosmetics.co.uk/product/13848/46217/products/makeup/face/multi-use/pressed-pigment-james-kaliardos#/shade/Light_Touch">
             
                        <img class="product__sku-image--rendered--medium fade-non-shoppable-product" src="http://www.maccosmetics.co.uk/media/export/cms/products/280x320/mac_sku_S4F601_280x320_0.jpg" alt="" title="Pressed Pigment / James Kaliardos" />
                    </a>
                  </div>
            
              </div>
            </div>
            
            
            <footer class="product__footer">
                <div class="view-all-shades view-all-shades--mobile hide-xlarge-up js-trigger-mobile-shade-selector">
                  <span class="view-all-shades__text">Shop <span id="sku_count">2</span> Shades</span>
                </div>
            
                <div class="product__product-details-shade">
            
                  <div class="product__product-details-shade-smoosh shade-picker__color-wrapper">
                    <a class="js-product__link-to-spp js-trigger-mobile-shade-selector" href="http://www.maccosmetics.co.uk/product/13848/46217/products/makeup/face/multi-use/pressed-pigment-james-kaliardos#/shade/Light_Touch"><div class="shade-picker__color-texture" style="background-image: url('http://www.maccosmetics.co.uk/media/export/cms/products/smoosh/mac_smoosh_S4F644.jpg'); background-color: "></div></a>
                  </div>
            
                  <div class="product__product-details-shade-name" style="color:;"></div>
                  <div class="product__product-details-shade-description"><a href="#" class="product__product-life-tooltip js-shade-description-tooltip" data-title=""></a></div>
                </div>
            
            
            
              
              
             
              <div class="product__size"> 1.3 g </div>
            
              <div class="product_content_fav_mobile ">
              <a class="product__add-to-faves add-to-favorites js-add-to-favorites"
                 
                 href="#"
                 data-product='{"prodid": "PROD46217", "sku": "", "SKU_BASE_ID": ""}'
                 data-tooltip-added='Added to &lt;a href=http://www.maccosmetics.co.uk/"/account/favorites/index.tmpl">Favourites</a>!'
                 data-tooltip-removed='Item has been removed from your &lt;a href=http://www.maccosmetics.co.uk/"/account/favorites/index.tmpl">Favourites</a>'
                 data-default-fav='77307'>
                <i class="icon--heart-o"></i>
              </a>
              <div class="product__price ">
                      
                        
                        <span class="product__price--standard">£16.50 </span>
              </div>
              <div class="product__price_ppu">
              <span class="product__price_ppu--inside"></span></div>
              
              
              <ul class="product__inventory-status js-inv-status-list temp-out-of-stock_notifyme-spacing" data-sku-base-id="">
                <li class="js-inv-status-2 product__inv-status-item temp-out-of-stock display__notify-me">
                                  <div class="notify-status js-add-button" >
                  <a href="#" class ="js-notify-me notify_me" data-sku-inv-status=""  data-sku-base-id="">Notify Me!</a>
                </div>

                  <div class="temp-out-of-stock__text">Temp Out of Stock</div>
                  <div class="temp-out-of-stock-short__text">Temp Out of Stock</div>
                </li>
                <li class="js-inv-status-3 product__inv-status-item coming-soon display__notify-me ">                <div class="notify-status js-add-button" >
                  <a href="#" class ="js-notify-me notify_me" data-sku-inv-status=""  data-sku-base-id="">Notify Me!</a>
                </div>
<div class="coming-soon_text">Coming soon</div></li>
                <li class="js-inv-status-5 product__inv-status-item inactive">Sorry, this item is inactive.</li>
                <li class="js-inv-status-7 product__inv-status-item sold-out btn">Sold Out</li>
              </ul>
              <a class="product__link-to-spp js-product__link-to-spp" href="http://www.maccosmetics.co.uk/product/13848/46217/products/makeup/face/multi-use/pressed-pigment-james-kaliardos" data-product='{"prodid": "PROD46217", "sku": ""}'  >Shop <span id="sku_count">2</span> Shades</a>
              <a class="product__link-custom js-product__link-to-spp" href="http://www.maccosmetics.co.uk/product/13848/46217/products/makeup/face/multi-use/pressed-pigment-james-kaliardos" data-product='{"prodid": "PROD46217", "sku": ""}'></a>
              <a class="product__replenish hide-non-shoppable-product hide-non-orderable-product overlay-link" href="#" data-product='{"prodid": "PROD46217", "sku": ""}'></a>
            
            </footer>
          </div>
      
        </div>
      
      
      
      
      
      
          <div class="js-shade-picker__color"></div>
      
      
      </div>
    </div>
    <div data-match-height="mpp-items" class="grid--mpp__item" style="height: 480px;" data-sku-target="SKU77306" data-sku-base-target="77306">
      <div class="product
        
        
        
        
         product--teaser
         product--shaded
        
        
         product--sku-product
        
        
         product--defaultSku
        
        "
        id="product--prod_id-PROD46217"
        data-product='{"prodid":"PROD46217","sku":"SKU77306"}'
        data-product-id="PROD46217"
        
        
        
        >
        <div class="product__detail">
          <div class="product__sku-details" id="product-detail-attach">
            <header class="product__header">
              <div class="product_header_details">
                <a class="product__name-link js-product__link-to-spp" href="http://www.maccosmetics.co.uk/product/13848/46217/products/makeup/face/multi-use/pressed-pigment-james-kaliardos#/shade/Black_Grape">
                    <h3 class="product__name">Pressed Pigment / James Kaliardos</h3>
                    <h3 class="product__name product__name_short"></h3>
                </a>
            
                    <p class="product__description-short">High Shine, Wet/Dry Formula, Cream-Like</p>
            
                  <div class="product__rating">
                    <span class="product__rating-non"></span></div>
                <div class="product__price">
                         
                          
                           <span class="product__price--standard">£16.50 </span>
                </div>
                <div class="product__faves--teaser product__faves--teaser_mobile">            <a class="product__add-to-faves add-to-favorites js-add-to-favorites"
               
               href="#"
               data-product='{"prodid": "PROD46217", "sku": "", "SKU_BASE_ID": ""}'
               data-tooltip-added='Added to &lt;a href=http://www.maccosmetics.co.uk/"/account/favorites/index.tmpl">Favourites</a>!'
               data-tooltip-removed='Item has been removed from your &lt;a href=http://www.maccosmetics.co.uk/"/account/favorites/index.tmpl">Favourites</a>'
               data-default-fav='77306'>
              <i class="icon--heart-o"></i>
            </a>
</div>
                <div class="product__price_set ">
                  <div class="product__price_ppu clear">
                  <span class="product__price_ppu--inside"></span></div>
                  
                </div>
                  <div class="product__faves--teaser">            <a class="product__add-to-faves add-to-favorites js-add-to-favorites"
               
               href="#"
               data-product='{"prodid": "PROD46217", "sku": "", "SKU_BASE_ID": ""}'
               data-tooltip-added='Added to &lt;a href=http://www.maccosmetics.co.uk/"/account/favorites/index.tmpl">Favourites</a>!'
               data-tooltip-removed='Item has been removed from your &lt;a href=http://www.maccosmetics.co.uk/"/account/favorites/index.tmpl">Favourites</a>'
               data-default-fav='77306'>
              <i class="icon--heart-o"></i>
            </a>
</div>
            
            
            
            
            
            </header>
            
            <div class="product__images js-shade-trigger">
            
              <div class="product__images-inner carousel-wrapper">
            
            
                  <div class="product__image-medium ">
                    <div class="js-inv-status-2 product__inv-status-item temp-out-of-stock__text">Temp Out of Stock</div> 
                    <div class="js-inv-status-3 product__inv-status-item coming_soon-full_text">Coming soon</div>
                    <a class="product__image-medium-link js-product__link-to-spp" href="http://www.maccosmetics.co.uk/product/13848/46217/products/makeup/face/multi-use/pressed-pigment-james-kaliardos#/shade/Black_Grape">
             
                        <img class="product__sku-image--rendered--medium fade-non-shoppable-product" src="http://www.maccosmetics.co.uk/media/export/cms/products/280x320/mac_sku_S4F644_280x320_0.jpg" alt="" title="Pressed Pigment / James Kaliardos" />
                    </a>
                  </div>
            
              </div>
            </div>
            
            
            <footer class="product__footer">
                <div class="view-all-shades view-all-shades--mobile hide-xlarge-up js-trigger-mobile-shade-selector">
                  <span class="view-all-shades__text">Shop <span id="sku_count">2</span> Shades</span>
                </div>
            
                <div class="product__product-details-shade">
            
                  <div class="product__product-details-shade-smoosh shade-picker__color-wrapper">
                    <a class="js-product__link-to-spp js-trigger-mobile-shade-selector" href="http://www.maccosmetics.co.uk/product/13848/46217/products/makeup/face/multi-use/pressed-pigment-james-kaliardos#/shade/Black_Grape"><div class="shade-picker__color-texture" style="background-image: url('http://www.maccosmetics.co.uk/media/export/cms/products/smoosh/mac_smoosh_S4F644.jpg'); background-color: "></div></a>
                  </div>
            
                  <div class="product__product-details-shade-name" style="color:;"></div>
                  <div class="product__product-details-shade-description"><a href="#" class="product__product-life-tooltip js-shade-description-tooltip" data-title=""></a></div>
                </div>
            
            
            
              
              
             
              <div class="product__size"> 1.3 g </div>
            
              <div class="product_content_fav_mobile ">
              <a class="product__add-to-faves add-to-favorites js-add-to-favorites"
                 
                 href="#"
                 data-product='{"prodid": "PROD46217", "sku": "", "SKU_BASE_ID": ""}'
                 data-tooltip-added='Added to &lt;a href=http://www.maccosmetics.co.uk/"/account/favorites/index.tmpl">Favourites</a>!'
                 data-tooltip-removed='Item has been removed from your &lt;a href=http://www.maccosmetics.co.uk/"/account/favorites/index.tmpl">Favourites</a>'
                 data-default-fav='77306'>
                <i class="icon--heart-o"></i>
              </a>
              <div class="product__price ">
                      
                        
                        <span class="product__price--standard">£16.50 </span>
              </div>
              <div class="product__price_ppu">
              <span class="product__price_ppu--inside"></span></div>
              
              
              <ul class="product__inventory-status js-inv-status-list temp-out-of-stock_notifyme-spacing" data-sku-base-id="">
                <li class="js-inv-status-2 product__inv-status-item temp-out-of-stock display__notify-me">
                                  <div class="notify-status js-add-button" >
                  <a href="#" class ="js-notify-me notify_me" data-sku-inv-status=""  data-sku-base-id="">Notify Me!</a>
                </div>

                  <div class="temp-out-of-stock__text">Temp Out of Stock</div>
                  <div class="temp-out-of-stock-short__text">Temp Out of Stock</div>
                </li>
                <li class="js-inv-status-3 product__inv-status-item coming-soon display__notify-me ">                <div class="notify-status js-add-button" >
                  <a href="#" class ="js-notify-me notify_me" data-sku-inv-status=""  data-sku-base-id="">Notify Me!</a>
                </div>
<div class="coming-soon_text">Coming soon</div></li>
                <li class="js-inv-status-5 product__inv-status-item inactive">Sorry, this item is inactive.</li>
                <li class="js-inv-status-7 product__inv-status-item sold-out btn">Sold Out</li>
              </ul>
              <a class="product__link-to-spp js-product__link-to-spp" href="http://www.maccosmetics.co.uk/product/13848/46217/products/makeup/face/multi-use/pressed-pigment-james-kaliardos" data-product='{"prodid": "PROD46217", "sku": ""}'  >Shop <span id="sku_count">2</span> Shades</a>
              <a class="product__link-custom js-product__link-to-spp" href="http://www.maccosmetics.co.uk/product/13848/46217/products/makeup/face/multi-use/pressed-pigment-james-kaliardos" data-product='{"prodid": "PROD46217", "sku": ""}'></a>
              <a class="product__replenish hide-non-shoppable-product hide-non-orderable-product overlay-link" href="#" data-product='{"prodid": "PROD46217", "sku": ""}'></a>
            
            </footer>
          </div>
      
        </div>
      
      
      
      
      
      
          <div class="js-shade-picker__color"></div>
      
      
      </div>
    </div>
    <div data-match-height="mpp-items" class="grid--mpp__item" style="height: 480px;" data-sku-target="SKU38895" data-sku-base-target="38895">
      <div class="product
        product--teaser-alt
        
        
        
         product--teaser
        
        
        
         product--sku-product
        
        
         product--defaultSku
        
        "
        id="product--prod_id-PROD19432"
        data-product='{"prodid":"PROD19432","sku":"SKU38895"}'
        data-product-id="PROD19432"
        
        
        
        >
        <div class="product__detail">
          <div class="product__sku-details" id="product-detail-attach">
            <header class="product__header">
              <div class="product_header_details">
                <a class="product__name-link js-product__link-to-spp" href="http://www.maccosmetics.co.uk/product/13839/19432/products/makeup/eyes/mascara/haute-naughty-too-black-lash">
                    <h3 class="product__name">Haute &amp; Naughty Too Black Lash</h3>
                    <h3 class="product__name product__name_short"></h3>
                </a>
            
                    <p class="product__description-short">Double Effect, Defining, Volumizing, Super Black</p>
            
                  <div class="product__rating">
                    <div class="product__rating-stars">
                      <div style="width: 76%;" class="product__rating-percentage">
                        <div class="product__rating-stars-rating"></div>
                      </div>
                    </div>
                  </div>
                <div class="product__price">
                         
                          
                           <span class="product__price--standard">£19.50 </span>
                </div>
                <div class="product__faves--teaser product__faves--teaser_mobile">            <a class="product__add-to-faves add-to-favorites js-add-to-favorites"
               
               href="#"
               data-product='{"prodid": "PROD19432", "sku": "", "SKU_BASE_ID": ""}'
               data-tooltip-added='Added to &lt;a href=http://www.maccosmetics.co.uk/"/account/favorites/index.tmpl">Favourites</a>!'
               data-tooltip-removed='Item has been removed from your &lt;a href=http://www.maccosmetics.co.uk/"/account/favorites/index.tmpl">Favourites</a>'
               data-default-fav='38895'>
              <i class="icon--heart-o"></i>
            </a>
</div>
                <div class="product__price_set ">
                  <div class="product__price_ppu clear"><span class="product__size--ppu">9 g</span><span class="product__size--hiphen--ppu"> - </span>
                  <span class="product__price_ppu--inside">£21.67  / 10g</span></div>
                  
                </div>
                  <div class="product__faves--teaser">            <a class="product__add-to-faves add-to-favorites js-add-to-favorites"
               
               href="#"
               data-product='{"prodid": "PROD19432", "sku": "", "SKU_BASE_ID": ""}'
               data-tooltip-added='Added to &lt;a href=http://www.maccosmetics.co.uk/"/account/favorites/index.tmpl">Favourites</a>!'
               data-tooltip-removed='Item has been removed from your &lt;a href=http://www.maccosmetics.co.uk/"/account/favorites/index.tmpl">Favourites</a>'
               data-default-fav='38895'>
              <i class="icon--heart-o"></i>
            </a>
</div>
            
            
            
            
            
            </header>
            
            <div class="product__images js-shade-trigger">
            
              <div class="product__images-inner carousel-wrapper">
            
            
                  <div class="product__image-medium product__image-medium--alt">
                    <div class="js-inv-status-2 product__inv-status-item temp-out-of-stock__text">Temp Out of Stock</div> 
                    <div class="js-inv-status-3 product__inv-status-item coming_soon-full_text">Coming soon</div>
                    <a class="product__image-medium-link js-product__link-to-spp" href="http://www.maccosmetics.co.uk/product/13839/19432/products/makeup/eyes/mascara/haute-naughty-too-black-lash">
             
                        <img class="product__sku-image--rendered--medium fade-non-shoppable-product" src="#" alt="" title="Haute &amp; Naughty Too Black Lash" />
                    </a>
                  </div>
            
              </div>
            </div>
            
            
            <footer class="product__footer">
            
            
            
              
              
             
              <div class="product__size"> 9 g </div>
            
              <div class="product_content_fav_mobile ">
              <a class="product__add-to-faves add-to-favorites js-add-to-favorites"
                 
                 href="#"
                 data-product='{"prodid": "PROD19432", "sku": "", "SKU_BASE_ID": ""}'
                 data-tooltip-added='Added to &lt;a href=http://www.maccosmetics.co.uk/"/account/favorites/index.tmpl">Favourites</a>!'
                 data-tooltip-removed='Item has been removed from your &lt;a href=http://www.maccosmetics.co.uk/"/account/favorites/index.tmpl">Favourites</a>'
                 data-default-fav='38895'>
                <i class="icon--heart-o"></i>
              </a>
              <div class="product__price ">
                      
                        
                        <span class="product__price--standard">£19.50 </span>
              </div>
              <div class="product__price_ppu"><span class="product__size--ppu">9 g</span><span class="product__size--hiphen--ppu"> - </span>
              <span class="product__price_ppu--inside">£21.67  / 10g</span></div>
              
              
              <ul class="product__inventory-status js-inv-status-list temp-out-of-stock_notifyme-spacing" data-sku-base-id="">
                <li class="js-inv-status-2 product__inv-status-item temp-out-of-stock display__notify-me">
                                  <div class="notify-status js-add-button" >
                  <a href="#" class ="js-notify-me notify_me" data-sku-inv-status=""  data-sku-base-id="">Notify Me!</a>
                </div>

                  <div class="temp-out-of-stock__text">Temp Out of Stock</div>
                  <div class="temp-out-of-stock-short__text">Temp Out of Stock</div>
                </li>
                <li class="js-inv-status-3 product__inv-status-item coming-soon display__notify-me ">                <div class="notify-status js-add-button" >
                  <a href="#" class ="js-notify-me notify_me" data-sku-inv-status=""  data-sku-base-id="">Notify Me!</a>
                </div>
<div class="coming-soon_text">Coming soon</div></li>
                <li class="js-inv-status-5 product__inv-status-item inactive">Sorry, this item is inactive.</li>
                <li class="js-inv-status-7 product__inv-status-item sold-out btn">Sold Out</li>
              </ul>
              <a class="product__link-to-spp js-product__link-to-spp" href="http://www.maccosmetics.co.uk/product/13839/19432/products/makeup/eyes/mascara/haute-naughty-too-black-lash" data-product='{"prodid": "PROD19432", "sku": ""}'  >Shop <span id="sku_count"></span> Shades</a>
              <a class="product__link-custom js-product__link-to-spp" href="http://www.maccosmetics.co.uk/product/13839/19432/products/makeup/eyes/mascara/haute-naughty-too-black-lash" data-product='{"prodid": "PROD19432", "sku": ""}'></a>
              <a class="product__replenish hide-non-shoppable-product hide-non-orderable-product overlay-link" href="#" data-product='{"prodid": "PROD19432", "sku": ""}'></a>
            
            </footer>
          </div>
      
        </div>
      
      
      
      </div>
    </div>
    <div data-match-height="mpp-items" class="grid--mpp__item" style="height: 480px;" data-sku-target="SKU77230" data-sku-base-target="77230">
      <div class="product
        
        
        
        
         product--teaser
        
        
        
         product--sku-product
        
        
         product--defaultSku
        
        "
        id="product--prod_id-PROD46139"
        data-product='{"prodid":"PROD46139","sku":"SKU77230"}'
        data-product-id="PROD46139"
        
        
        
        >
        <div class="product__detail">
          <div class="product__sku-details" id="product-detail-attach">
            <header class="product__header">
              <div class="product_header_details">
                <a class="product__name-link js-product__link-to-spp" href="http://www.maccosmetics.co.uk/product/13838/46139/products/makeup/eyes/liner/jumbo-penultimate-eye-liner-james-kaliardos">
                    <h3 class="product__name">Jumbo Penultimate Eye Liner / James Kaliardos</h3>
                    <h3 class="product__name product__name_short"></h3>
                </a>
            
                    <p class="product__description-short">Pen-Style Formula, 12-Hour Wear, Bold</p>
            
                  <div class="product__rating">
                    <div class="product__rating-stars">
                      <div style="width: 20%;" class="product__rating-percentage">
                        <div class="product__rating-stars-rating"></div>
                      </div>
                    </div>
                  </div>
                <div class="product__price">
                         
                          
                           <span class="product__price--standard">£16.50 </span>
                </div>
                <div class="product__faves--teaser product__faves--teaser_mobile">            <a class="product__add-to-faves add-to-favorites js-add-to-favorites"
               
               href="#"
               data-product='{"prodid": "PROD46139", "sku": "", "SKU_BASE_ID": ""}'
               data-tooltip-added='Added to &lt;a href=http://www.maccosmetics.co.uk/"/account/favorites/index.tmpl">Favourites</a>!'
               data-tooltip-removed='Item has been removed from your &lt;a href=http://www.maccosmetics.co.uk/"/account/favorites/index.tmpl">Favourites</a>'
               data-default-fav='77230'>
              <i class="icon--heart-o"></i>
            </a>
</div>
                <div class="product__price_set ">
                  <div class="product__price_ppu clear">
                  <span class="product__price_ppu--inside"></span></div>
                  
                </div>
                  <div class="product__faves--teaser">            <a class="product__add-to-faves add-to-favorites js-add-to-favorites"
               
               href="#"
               data-product='{"prodid": "PROD46139", "sku": "", "SKU_BASE_ID": ""}'
               data-tooltip-added='Added to &lt;a href=http://www.maccosmetics.co.uk/"/account/favorites/index.tmpl">Favourites</a>!'
               data-tooltip-removed='Item has been removed from your &lt;a href=http://www.maccosmetics.co.uk/"/account/favorites/index.tmpl">Favourites</a>'
               data-default-fav='77230'>
              <i class="icon--heart-o"></i>
            </a>
</div>
            
            
            
            
            
            </header>
            
            <div class="product__images js-shade-trigger">
            
              <div class="product__images-inner carousel-wrapper">
            
            
                  <div class="product__image-medium ">
                    <div class="js-inv-status-2 product__inv-status-item temp-out-of-stock__text">Temp Out of Stock</div> 
                    <div class="js-inv-status-3 product__inv-status-item coming_soon-full_text">Coming soon</div>
                    <a class="product__image-medium-link js-product__link-to-spp" href="http://www.maccosmetics.co.uk/product/13838/46139/products/makeup/eyes/liner/jumbo-penultimate-eye-liner-james-kaliardos">
             
                        <img class="product__sku-image--rendered--medium fade-non-shoppable-product" src="http://www.maccosmetics.co.uk/media/export/cms/products/280x320/mac_sku_S4F001_280x320_0.jpg" alt="" title="Jumbo Penultimate Eye Liner / James Kaliardos" />
                    </a>
                  </div>
            
              </div>
            </div>
            
            
            <footer class="product__footer">
            
            
            
              
              
             
              <div class="product__size"> 2.5 ml </div>
            
              <div class="product_content_fav_mobile ">
              <a class="product__add-to-faves add-to-favorites js-add-to-favorites"
                 
                 href="#"
                 data-product='{"prodid": "PROD46139", "sku": "", "SKU_BASE_ID": ""}'
                 data-tooltip-added='Added to &lt;a href=http://www.maccosmetics.co.uk/"/account/favorites/index.tmpl">Favourites</a>!'
                 data-tooltip-removed='Item has been removed from your &lt;a href=http://www.maccosmetics.co.uk/"/account/favorites/index.tmpl">Favourites</a>'
                 data-default-fav='77230'>
                <i class="icon--heart-o"></i>
              </a>
              <div class="product__price ">
                      
                        
                        <span class="product__price--standard">£16.50 </span>
              </div>
              <div class="product__price_ppu">
              <span class="product__price_ppu--inside"></span></div>
              
              
              <ul class="product__inventory-status js-inv-status-list temp-out-of-stock_notifyme-spacing" data-sku-base-id="">
                <li class="js-inv-status-2 product__inv-status-item temp-out-of-stock display__notify-me">
                                  <div class="notify-status js-add-button" >
                  <a href="#" class ="js-notify-me notify_me" data-sku-inv-status=""  data-sku-base-id="">Notify Me!</a>
                </div>

                  <div class="temp-out-of-stock__text">Temp Out of Stock</div>
                  <div class="temp-out-of-stock-short__text">Temp Out of Stock</div>
                </li>
                <li class="js-inv-status-3 product__inv-status-item coming-soon display__notify-me ">                <div class="notify-status js-add-button" >
                  <a href="#" class ="js-notify-me notify_me" data-sku-inv-status=""  data-sku-base-id="">Notify Me!</a>
                </div>
<div class="coming-soon_text">Coming soon</div></li>
                <li class="js-inv-status-5 product__inv-status-item inactive">Sorry, this item is inactive.</li>
                <li class="js-inv-status-7 product__inv-status-item sold-out btn">Sold Out</li>
              </ul>
              <a class="product__link-to-spp js-product__link-to-spp" href="http://www.maccosmetics.co.uk/product/13838/46139/products/makeup/eyes/liner/jumbo-penultimate-eye-liner-james-kaliardos" data-product='{"prodid": "PROD46139", "sku": ""}'  >Shop <span id="sku_count"></span> Shades</a>
              <a class="product__link-custom js-product__link-to-spp" href="http://www.maccosmetics.co.uk/product/13838/46139/products/makeup/eyes/liner/jumbo-penultimate-eye-liner-james-kaliardos" data-product='{"prodid": "PROD46139", "sku": ""}'></a>
              <a class="product__replenish hide-non-shoppable-product hide-non-orderable-product overlay-link" href="#" data-product='{"prodid": "PROD46139", "sku": ""}'></a>
            
            </footer>
          </div>
      
        </div>
      
      
      
      </div>
    </div>
    <div data-match-height="mpp-items" class="grid--mpp__item" style="height: 480px;" data-sku-target="SKU1296" data-sku-base-target="1296">
      <div class="product
        
        
        
        
         product--teaser
         product--shaded
        
        
         product--sku-product
        
        
         product--defaultSku
        
        "
        id="product--prod_id-PROD263"
        data-product='{"prodid":"PROD263","sku":"SKU1296"}'
        data-product-id="PROD263"
        
        
        
        >
        <div class="product__detail">
          <div class="product__sku-details" id="product-detail-attach">
            <header class="product__header">
              <div class="product_header_details">
                <a class="product__name-link js-product__link-to-spp" href="http://www.maccosmetics.co.uk/product/13834/263/products/makeup/eyes/brow/eye-brows#/shade/Stud">
                    <h3 class="product__name">Eye Brows</h3>
                    <h3 class="product__name product__name_short"></h3>
                </a>
            
                    <p class="product__description-short">Mechanical-Style, Self-Sharpening, Defining</p>
            
                  <div class="product__rating">
                    <div class="product__rating-stars">
                      <div style="width: 80%;" class="product__rating-percentage">
                        <div class="product__rating-stars-rating"></div>
                      </div>
                    </div>
                  </div>
                <div class="product__price">
                         
                          
                           <span class="product__price--standard">£14.50 </span>
                </div>
                <div class="product__faves--teaser product__faves--teaser_mobile">            <a class="product__add-to-faves add-to-favorites js-add-to-favorites"
               
               href="#"
               data-product='{"prodid": "PROD263", "sku": "", "SKU_BASE_ID": ""}'
               data-tooltip-added='Added to &lt;a href=http://www.maccosmetics.co.uk/"/account/favorites/index.tmpl">Favourites</a>!'
               data-tooltip-removed='Item has been removed from your &lt;a href=http://www.maccosmetics.co.uk/"/account/favorites/index.tmpl">Favourites</a>'
               data-default-fav='1296'>
              <i class="icon--heart-o"></i>
            </a>
</div>
                <div class="product__price_set ">
                  <div class="product__price_ppu clear">
                  <span class="product__price_ppu--inside"></span></div>
                  
                </div>
                  <div class="product__faves--teaser">            <a class="product__add-to-faves add-to-favorites js-add-to-favorites"
               
               href="#"
               data-product='{"prodid": "PROD263", "sku": "", "SKU_BASE_ID": ""}'
               data-tooltip-added='Added to &lt;a href=http://www.maccosmetics.co.uk/"/account/favorites/index.tmpl">Favourites</a>!'
               data-tooltip-removed='Item has been removed from your &lt;a href=http://www.maccosmetics.co.uk/"/account/favorites/index.tmpl">Favourites</a>'
               data-default-fav='1296'>
              <i class="icon--heart-o"></i>
            </a>
</div>
            
            
            
            
            
            </header>
            
            <div class="product__images js-shade-trigger">
            
              <div class="product__images-inner carousel-wrapper">
            
            
                  <div class="product__image-medium ">
                    <div class="js-inv-status-2 product__inv-status-item temp-out-of-stock__text">Temp Out of Stock</div> 
                    <div class="js-inv-status-3 product__inv-status-item coming_soon-full_text">Coming soon</div>
                    <a class="product__image-medium-link js-product__link-to-spp" href="http://www.maccosmetics.co.uk/product/13834/263/products/makeup/eyes/brow/eye-brows#/shade/Stud">
             
                        <img class="product__sku-image--rendered--medium fade-non-shoppable-product" src="http://www.maccosmetics.co.uk/media/export/cms/products/280x320/mac_sku_M1EF03_280x320_0.jpg" alt="" title="Eye Brows" />
                    </a>
                  </div>
            
              </div>
            </div>
            
            
            <footer class="product__footer">
                <div class="view-all-shades view-all-shades--mobile hide-xlarge-up js-trigger-mobile-shade-selector">
                  <span class="view-all-shades__text">Shop <span id="sku_count">10</span> Shades</span>
                </div>
            
                <div class="product__product-details-shade">
            
                  <div class="product__product-details-shade-smoosh shade-picker__color-wrapper">
                    <a class="js-product__link-to-spp js-trigger-mobile-shade-selector" href="http://www.maccosmetics.co.uk/product/13834/263/products/makeup/eyes/brow/eye-brows#/shade/Stud"><div class="shade-picker__color-texture" style="background-image: url('http://www.maccosmetics.co.uk/media/export/cms/products/smoosh/mac_smoosh_M1EF.jpg'); background-color: "></div></a>
                  </div>
            
                  <div class="product__product-details-shade-name" style="color:;"></div>
                  <div class="product__product-details-shade-description"><a href="#" class="product__product-life-tooltip js-shade-description-tooltip" data-title=""></a></div>
                </div>
            
            
            
              
              
             
              <div class="product__size"> 0.09 g </div>
            
              <div class="product_content_fav_mobile ">
              <a class="product__add-to-faves add-to-favorites js-add-to-favorites"
                 
                 href="#"
                 data-product='{"prodid": "PROD263", "sku": "", "SKU_BASE_ID": ""}'
                 data-tooltip-added='Added to &lt;a href=http://www.maccosmetics.co.uk/"/account/favorites/index.tmpl">Favourites</a>!'
                 data-tooltip-removed='Item has been removed from your &lt;a href=http://www.maccosmetics.co.uk/"/account/favorites/index.tmpl">Favourites</a>'
                 data-default-fav='1296'>
                <i class="icon--heart-o"></i>
              </a>
              <div class="product__price ">
                      
                        
                        <span class="product__price--standard">£14.50 </span>
              </div>
              <div class="product__price_ppu">
              <span class="product__price_ppu--inside"></span></div>
              
              
              <ul class="product__inventory-status js-inv-status-list temp-out-of-stock_notifyme-spacing" data-sku-base-id="">
                <li class="js-inv-status-2 product__inv-status-item temp-out-of-stock display__notify-me">
                                  <div class="notify-status js-add-button" >
                  <a href="#" class ="js-notify-me notify_me" data-sku-inv-status=""  data-sku-base-id="">Notify Me!</a>
                </div>

                  <div class="temp-out-of-stock__text">Temp Out of Stock</div>
                  <div class="temp-out-of-stock-short__text">Temp Out of Stock</div>
                </li>
                <li class="js-inv-status-3 product__inv-status-item coming-soon display__notify-me ">                <div class="notify-status js-add-button" >
                  <a href="#" class ="js-notify-me notify_me" data-sku-inv-status=""  data-sku-base-id="">Notify Me!</a>
                </div>
<div class="coming-soon_text">Coming soon</div></li>
                <li class="js-inv-status-5 product__inv-status-item inactive">Sorry, this item is inactive.</li>
                <li class="js-inv-status-7 product__inv-status-item sold-out btn">Sold Out</li>
              </ul>
              <a class="product__link-to-spp js-product__link-to-spp" href="http://www.maccosmetics.co.uk/product/13834/263/products/makeup/eyes/brow/eye-brows" data-product='{"prodid": "PROD263", "sku": ""}'  >Shop <span id="sku_count">10</span> Shades</a>
              <a class="product__link-custom js-product__link-to-spp" href="http://www.maccosmetics.co.uk/product/13834/263/products/makeup/eyes/brow/eye-brows" data-product='{"prodid": "PROD263", "sku": ""}'></a>
              <a class="product__replenish hide-non-shoppable-product hide-non-orderable-product overlay-link" href="#" data-product='{"prodid": "PROD263", "sku": ""}'></a>
            
            </footer>
          </div>
      
        </div>
      
      
      
      
      
      
          <div class="js-shade-picker__color"></div>
      
      
      </div>
    </div>
    <div data-match-height="mpp-items" class="grid--mpp__item" style="height: 480px;" data-sku-target="SKU1294" data-sku-base-target="1294">
      <div class="product
        
        
        
        
         product--teaser
         product--shaded
        
        
         product--sku-product
        
        
         product--defaultSku
        
        "
        id="product--prod_id-PROD263"
        data-product='{"prodid":"PROD263","sku":"SKU1294"}'
        data-product-id="PROD263"
        
        
        
        >
        <div class="product__detail">
          <div class="product__sku-details" id="product-detail-attach">
            <header class="product__header">
              <div class="product_header_details">
                <a class="product__name-link js-product__link-to-spp" href="http://www.maccosmetics.co.uk/product/13834/263/products/makeup/eyes/brow/eye-brows#/shade/Fling">
                    <h3 class="product__name">Eye Brows</h3>
                    <h3 class="product__name product__name_short"></h3>
                </a>
            
                    <p class="product__description-short">Mechanical-Style, Self-Sharpening, Defining</p>
            
                  <div class="product__rating">
                    <div class="product__rating-stars">
                      <div style="width: 80%;" class="product__rating-percentage">
                        <div class="product__rating-stars-rating"></div>
                      </div>
                    </div>
                  </div>
                <div class="product__price">
                         
                          
                           <span class="product__price--standard">£14.50 </span>
                </div>
                <div class="product__faves--teaser product__faves--teaser_mobile">            <a class="product__add-to-faves add-to-favorites js-add-to-favorites"
               
               href="#"
               data-product='{"prodid": "PROD263", "sku": "", "SKU_BASE_ID": ""}'
               data-tooltip-added='Added to &lt;a href=http://www.maccosmetics.co.uk/"/account/favorites/index.tmpl">Favourites</a>!'
               data-tooltip-removed='Item has been removed from your &lt;a href=http://www.maccosmetics.co.uk/"/account/favorites/index.tmpl">Favourites</a>'
               data-default-fav='1294'>
              <i class="icon--heart-o"></i>
            </a>
</div>
                <div class="product__price_set ">
                  <div class="product__price_ppu clear">
                  <span class="product__price_ppu--inside"></span></div>
                  
                </div>
                  <div class="product__faves--teaser">            <a class="product__add-to-faves add-to-favorites js-add-to-favorites"
               
               href="#"
               data-product='{"prodid": "PROD263", "sku": "", "SKU_BASE_ID": ""}'
               data-tooltip-added='Added to &lt;a href=http://www.maccosmetics.co.uk/"/account/favorites/index.tmpl">Favourites</a>!'
               data-tooltip-removed='Item has been removed from your &lt;a href=http://www.maccosmetics.co.uk/"/account/favorites/index.tmpl">Favourites</a>'
               data-default-fav='1294'>
              <i class="icon--heart-o"></i>
            </a>
</div>
            
            
            
            
            
            </header>
            
            <div class="product__images js-shade-trigger">
            
              <div class="product__images-inner carousel-wrapper">
            
            
                  <div class="product__image-medium ">
                    <div class="js-inv-status-2 product__inv-status-item temp-out-of-stock__text">Temp Out of Stock</div> 
                    <div class="js-inv-status-3 product__inv-status-item coming_soon-full_text">Coming soon</div>
                    <a class="product__image-medium-link js-product__link-to-spp" href="http://www.maccosmetics.co.uk/product/13834/263/products/makeup/eyes/brow/eye-brows#/shade/Fling">
             
                        <img class="product__sku-image--rendered--medium fade-non-shoppable-product" src="http://www.maccosmetics.co.uk/media/export/cms/products/280x320/mac_sku_M1EF01_280x320_0.jpg" alt="" title="Eye Brows" />
                    </a>
                  </div>
            
              </div>
            </div>
            
            
            <footer class="product__footer">
                <div class="view-all-shades view-all-shades--mobile hide-xlarge-up js-trigger-mobile-shade-selector">
                  <span class="view-all-shades__text">Shop <span id="sku_count">10</span> Shades</span>
                </div>
            
                <div class="product__product-details-shade">
            
                  <div class="product__product-details-shade-smoosh shade-picker__color-wrapper">
                    <a class="js-product__link-to-spp js-trigger-mobile-shade-selector" href="http://www.maccosmetics.co.uk/product/13834/263/products/makeup/eyes/brow/eye-brows#/shade/Fling"><div class="shade-picker__color-texture" style="background-image: url('http://www.maccosmetics.co.uk/media/export/cms/products/smoosh/mac_smoosh_M1EF.jpg'); background-color: "></div></a>
                  </div>
            
                  <div class="product__product-details-shade-name" style="color:;"></div>
                  <div class="product__product-details-shade-description"><a href="#" class="product__product-life-tooltip js-shade-description-tooltip" data-title=""></a></div>
                </div>
            
            
            
              
              
             
              <div class="product__size"> 0.09g </div>
            
              <div class="product_content_fav_mobile ">
              <a class="product__add-to-faves add-to-favorites js-add-to-favorites"
                 
                 href="#"
                 data-product='{"prodid": "PROD263", "sku": "", "SKU_BASE_ID": ""}'
                 data-tooltip-added='Added to &lt;a href=http://www.maccosmetics.co.uk/"/account/favorites/index.tmpl">Favourites</a>!'
                 data-tooltip-removed='Item has been removed from your &lt;a href=http://www.maccosmetics.co.uk/"/account/favorites/index.tmpl">Favourites</a>'
                 data-default-fav='1294'>
                <i class="icon--heart-o"></i>
              </a>
              <div class="product__price ">
                      
                        
                        <span class="product__price--standard">£14.50 </span>
              </div>
              <div class="product__price_ppu">
              <span class="product__price_ppu--inside"></span></div>
              
              
              <ul class="product__inventory-status js-inv-status-list temp-out-of-stock_notifyme-spacing" data-sku-base-id="">
                <li class="js-inv-status-2 product__inv-status-item temp-out-of-stock display__notify-me">
                                  <div class="notify-status js-add-button" >
                  <a href="#" class ="js-notify-me notify_me" data-sku-inv-status=""  data-sku-base-id="">Notify Me!</a>
                </div>

                  <div class="temp-out-of-stock__text">Temp Out of Stock</div>
                  <div class="temp-out-of-stock-short__text">Temp Out of Stock</div>
                </li>
                <li class="js-inv-status-3 product__inv-status-item coming-soon display__notify-me ">                <div class="notify-status js-add-button" >
                  <a href="#" class ="js-notify-me notify_me" data-sku-inv-status=""  data-sku-base-id="">Notify Me!</a>
                </div>
<div class="coming-soon_text">Coming soon</div></li>
                <li class="js-inv-status-5 product__inv-status-item inactive">Sorry, this item is inactive.</li>
                <li class="js-inv-status-7 product__inv-status-item sold-out btn">Sold Out</li>
              </ul>
              <a class="product__link-to-spp js-product__link-to-spp" href="http://www.maccosmetics.co.uk/product/13834/263/products/makeup/eyes/brow/eye-brows" data-product='{"prodid": "PROD263", "sku": ""}'  >Shop <span id="sku_count">10</span> Shades</a>
              <a class="product__link-custom js-product__link-to-spp" href="http://www.maccosmetics.co.uk/product/13834/263/products/makeup/eyes/brow/eye-brows" data-product='{"prodid": "PROD263", "sku": ""}'></a>
              <a class="product__replenish hide-non-shoppable-product hide-non-orderable-product overlay-link" href="#" data-product='{"prodid": "PROD263", "sku": ""}'></a>
            
            </footer>
          </div>
      
        </div>
      
      
      
      
      
      
          <div class="js-shade-picker__color"></div>
      
      
      </div>
    </div>
    <div data-match-height="mpp-items" class="grid--mpp__item" style="height: 480px;" data-sku-target="SKU77224" data-sku-base-target="77224">
      <div class="product
        
        
        
        
         product--teaser
         product--shaded
        
        
         product--sku-product
        
        
         product--defaultSku
        
        "
        id="product--prod_id-PROD46136"
        data-product='{"prodid":"PROD46136","sku":"SKU77224"}'
        data-product-id="PROD46136"
        
        
        
        >
        <div class="product__detail">
          <div class="product__sku-details" id="product-detail-attach">
            <header class="product__header">
              <div class="product_header_details">
                <a class="product__name-link js-product__link-to-spp" href="http://www.maccosmetics.co.uk/product/13854/46136/products/makeup/lips/lipstick/lipstick-james-kaliardos#/shade/Coral_Bliss">
                    <h3 class="product__name">Lipstick / James Kaliardos</h3>
                    <h3 class="product__name product__name_short"></h3>
                </a>
            
                    <p class="product__description-short">4 Shades, Satin/ Lustre/ Amplified/Cremesheen Finishes, Limited Edition</p>
            
                  <div class="product__rating">
                    <span class="product__rating-non"></span></div>
                <div class="product__price">
                         
                          
                           <span class="product__price--standard">£16.50 </span>
                </div>
                <div class="product__faves--teaser product__faves--teaser_mobile">            <a class="product__add-to-faves add-to-favorites js-add-to-favorites"
               
               href="#"
               data-product='{"prodid": "PROD46136", "sku": "", "SKU_BASE_ID": ""}'
               data-tooltip-added='Added to &lt;a href=http://www.maccosmetics.co.uk/"/account/favorites/index.tmpl">Favourites</a>!'
               data-tooltip-removed='Item has been removed from your &lt;a href=http://www.maccosmetics.co.uk/"/account/favorites/index.tmpl">Favourites</a>'
               data-default-fav='77224'>
              <i class="icon--heart-o"></i>
            </a>
</div>
                <div class="product__price_set ">
                  <div class="product__price_ppu clear">
                  <span class="product__price_ppu--inside"></span></div>
                  
                </div>
                  <div class="product__faves--teaser">            <a class="product__add-to-faves add-to-favorites js-add-to-favorites"
               
               href="#"
               data-product='{"prodid": "PROD46136", "sku": "", "SKU_BASE_ID": ""}'
               data-tooltip-added='Added to &lt;a href=http://www.maccosmetics.co.uk/"/account/favorites/index.tmpl">Favourites</a>!'
               data-tooltip-removed='Item has been removed from your &lt;a href=http://www.maccosmetics.co.uk/"/account/favorites/index.tmpl">Favourites</a>'
               data-default-fav='77224'>
              <i class="icon--heart-o"></i>
            </a>
</div>
            
            
            
            
            
            </header>
            
            <div class="product__images js-shade-trigger">
            
              <div class="product__images-inner carousel-wrapper">
            
            
                  <div class="product__image-medium ">
                    <div class="js-inv-status-2 product__inv-status-item temp-out-of-stock__text">Temp Out of Stock</div> 
                    <div class="js-inv-status-3 product__inv-status-item coming_soon-full_text">Coming soon</div>
                    <a class="product__image-medium-link js-product__link-to-spp" href="http://www.maccosmetics.co.uk/product/13854/46136/products/makeup/lips/lipstick/lipstick-james-kaliardos#/shade/Coral_Bliss">
             
                        <img class="product__sku-image--rendered--medium fade-non-shoppable-product" src="http://www.maccosmetics.co.uk/media/export/cms/products/280x320/mac_sku_S4E708_280x320_0.jpg" alt="" title="Lipstick / James Kaliardos" />
                    </a>
                  </div>
            
              </div>
            </div>
            
            
            <footer class="product__footer">
                <div class="view-all-shades view-all-shades--mobile hide-xlarge-up js-trigger-mobile-shade-selector">
                  <span class="view-all-shades__text">Shop <span id="sku_count">4</span> Shades</span>
                </div>
            
                <div class="product__product-details-shade">
            
                  <div class="product__product-details-shade-smoosh shade-picker__color-wrapper">
                    <a class="js-product__link-to-spp js-trigger-mobile-shade-selector" href="http://www.maccosmetics.co.uk/product/13854/46136/products/makeup/lips/lipstick/lipstick-james-kaliardos#/shade/Coral_Bliss"><div class="shade-picker__color-texture" style="background-image: url('http://www.maccosmetics.co.uk/media/export/cms/products/smoosh/mac_smoosh_S4E4J4.jpg'); background-color: "></div></a>
                  </div>
            
                  <div class="product__product-details-shade-name" style="color:;"></div>
                  <div class="product__product-details-shade-description"><a href="#" class="product__product-life-tooltip js-shade-description-tooltip" data-title=""></a></div>
                </div>
            
            
            
              
              
             
              <div class="product__size"> 3 g </div>
            
              <div class="product_content_fav_mobile ">
              <a class="product__add-to-faves add-to-favorites js-add-to-favorites"
                 
                 href="#"
                 data-product='{"prodid": "PROD46136", "sku": "", "SKU_BASE_ID": ""}'
                 data-tooltip-added='Added to &lt;a href=http://www.maccosmetics.co.uk/"/account/favorites/index.tmpl">Favourites</a>!'
                 data-tooltip-removed='Item has been removed from your &lt;a href=http://www.maccosmetics.co.uk/"/account/favorites/index.tmpl">Favourites</a>'
                 data-default-fav='77224'>
                <i class="icon--heart-o"></i>
              </a>
              <div class="product__price ">
                      
                        
                        <span class="product__price--standard">£16.50 </span>
              </div>
              <div class="product__price_ppu">
              <span class="product__price_ppu--inside"></span></div>
              
              
              <ul class="product__inventory-status js-inv-status-list temp-out-of-stock_notifyme-spacing" data-sku-base-id="">
                <li class="js-inv-status-2 product__inv-status-item temp-out-of-stock display__notify-me">
                                  <div class="notify-status js-add-button" >
                  <a href="#" class ="js-notify-me notify_me" data-sku-inv-status=""  data-sku-base-id="">Notify Me!</a>
                </div>

                  <div class="temp-out-of-stock__text">Temp Out of Stock</div>
                  <div class="temp-out-of-stock-short__text">Temp Out of Stock</div>
                </li>
                <li class="js-inv-status-3 product__inv-status-item coming-soon display__notify-me ">                <div class="notify-status js-add-button" >
                  <a href="#" class ="js-notify-me notify_me" data-sku-inv-status=""  data-sku-base-id="">Notify Me!</a>
                </div>
<div class="coming-soon_text">Coming soon</div></li>
                <li class="js-inv-status-5 product__inv-status-item inactive">Sorry, this item is inactive.</li>
                <li class="js-inv-status-7 product__inv-status-item sold-out btn">Sold Out</li>
              </ul>
              <a class="product__link-to-spp js-product__link-to-spp" href="http://www.maccosmetics.co.uk/product/13854/46136/products/makeup/lips/lipstick/lipstick-james-kaliardos" data-product='{"prodid": "PROD46136", "sku": ""}'  >Shop <span id="sku_count">4</span> Shades</a>
              <a class="product__link-custom js-product__link-to-spp" href="http://www.maccosmetics.co.uk/product/13854/46136/products/makeup/lips/lipstick/lipstick-james-kaliardos" data-product='{"prodid": "PROD46136", "sku": ""}'></a>
              <a class="product__replenish hide-non-shoppable-product hide-non-orderable-product overlay-link" href="#" data-product='{"prodid": "PROD46136", "sku": ""}'></a>
            
            </footer>
          </div>
      
        </div>
      
      
      
      
      
      
          <div class="js-shade-picker__color"></div>
      
      
      </div>
    </div>
    <div data-match-height="mpp-items" class="grid--mpp__item" style="height: 480px;" data-sku-target="SKU77221" data-sku-base-target="77221">
      <div class="product
        
        
        
        
         product--teaser
         product--shaded
        
        
         product--sku-product
        
        
         product--defaultSku
        
        "
        id="product--prod_id-PROD46136"
        data-product='{"prodid":"PROD46136","sku":"SKU77221"}'
        data-product-id="PROD46136"
        
        
        
        >
        <div class="product__detail">
          <div class="product__sku-details" id="product-detail-attach">
            <header class="product__header">
              <div class="product_header_details">
                <a class="product__name-link js-product__link-to-spp" href="http://www.maccosmetics.co.uk/product/13854/46136/products/makeup/lips/lipstick/lipstick-james-kaliardos#/shade/Almondine">
                    <h3 class="product__name">Lipstick / James Kaliardos</h3>
                    <h3 class="product__name product__name_short"></h3>
                </a>
            
                    <p class="product__description-short">4 Shades, Satin/ Lustre/ Amplified/Cremesheen Finishes, Limited Edition</p>
            
                  <div class="product__rating">
                    <span class="product__rating-non"></span></div>
                <div class="product__price">
                         
                          
                           <span class="product__price--standard">£16.50 </span>
                </div>
                <div class="product__faves--teaser product__faves--teaser_mobile">            <a class="product__add-to-faves add-to-favorites js-add-to-favorites"
               
               href="#"
               data-product='{"prodid": "PROD46136", "sku": "", "SKU_BASE_ID": ""}'
               data-tooltip-added='Added to &lt;a href=http://www.maccosmetics.co.uk/"/account/favorites/index.tmpl">Favourites</a>!'
               data-tooltip-removed='Item has been removed from your &lt;a href=http://www.maccosmetics.co.uk/"/account/favorites/index.tmpl">Favourites</a>'
               data-default-fav='77221'>
              <i class="icon--heart-o"></i>
            </a>
</div>
                <div class="product__price_set ">
                  <div class="product__price_ppu clear">
                  <span class="product__price_ppu--inside"></span></div>
                  
                </div>
                  <div class="product__faves--teaser">            <a class="product__add-to-faves add-to-favorites js-add-to-favorites"
               
               href="#"
               data-product='{"prodid": "PROD46136", "sku": "", "SKU_BASE_ID": ""}'
               data-tooltip-added='Added to &lt;a href=http://www.maccosmetics.co.uk/"/account/favorites/index.tmpl">Favourites</a>!'
               data-tooltip-removed='Item has been removed from your &lt;a href=http://www.maccosmetics.co.uk/"/account/favorites/index.tmpl">Favourites</a>'
               data-default-fav='77221'>
              <i class="icon--heart-o"></i>
            </a>
</div>
            
            
            
            
            
            </header>
            
            <div class="product__images js-shade-trigger">
            
              <div class="product__images-inner carousel-wrapper">
            
            
                  <div class="product__image-medium ">
                    <div class="js-inv-status-2 product__inv-status-item temp-out-of-stock__text">Temp Out of Stock</div> 
                    <div class="js-inv-status-3 product__inv-status-item coming_soon-full_text">Coming soon</div>
                    <a class="product__image-medium-link js-product__link-to-spp" href="http://www.maccosmetics.co.uk/product/13854/46136/products/makeup/lips/lipstick/lipstick-james-kaliardos#/shade/Almondine">
             
                        <img class="product__sku-image--rendered--medium fade-non-shoppable-product" src="http://www.maccosmetics.co.uk/media/export/cms/products/280x320/mac_sku_S4E4J4_280x320_0.jpg" alt="" title="Lipstick / James Kaliardos" />
                    </a>
                  </div>
            
              </div>
            </div>
            
            
            <footer class="product__footer">
                <div class="view-all-shades view-all-shades--mobile hide-xlarge-up js-trigger-mobile-shade-selector">
                  <span class="view-all-shades__text">Shop <span id="sku_count">4</span> Shades</span>
                </div>
            
                <div class="product__product-details-shade">
            
                  <div class="product__product-details-shade-smoosh shade-picker__color-wrapper">
                    <a class="js-product__link-to-spp js-trigger-mobile-shade-selector" href="http://www.maccosmetics.co.uk/product/13854/46136/products/makeup/lips/lipstick/lipstick-james-kaliardos#/shade/Almondine"><div class="shade-picker__color-texture" style="background-image: url('http://www.maccosmetics.co.uk/media/export/cms/products/smoosh/mac_smoosh_S4E4J4.jpg'); background-color: "></div></a>
                  </div>
            
                  <div class="product__product-details-shade-name" style="color:;"></div>
                  <div class="product__product-details-shade-description"><a href="#" class="product__product-life-tooltip js-shade-description-tooltip" data-title=""></a></div>
                </div>
            
            
            
              
              
             
              <div class="product__size"> 3 g </div>
            
              <div class="product_content_fav_mobile ">
              <a class="product__add-to-faves add-to-favorites js-add-to-favorites"
                 
                 href="#"
                 data-product='{"prodid": "PROD46136", "sku": "", "SKU_BASE_ID": ""}'
                 data-tooltip-added='Added to &lt;a href=http://www.maccosmetics.co.uk/"/account/favorites/index.tmpl">Favourites</a>!'
                 data-tooltip-removed='Item has been removed from your &lt;a href=http://www.maccosmetics.co.uk/"/account/favorites/index.tmpl">Favourites</a>'
                 data-default-fav='77221'>
                <i class="icon--heart-o"></i>
              </a>
              <div class="product__price ">
                      
                        
                        <span class="product__price--standard">£16.50 </span>
              </div>
              <div class="product__price_ppu">
              <span class="product__price_ppu--inside"></span></div>
              
              
              <ul class="product__inventory-status js-inv-status-list temp-out-of-stock_notifyme-spacing" data-sku-base-id="">
                <li class="js-inv-status-2 product__inv-status-item temp-out-of-stock display__notify-me">
                                  <div class="notify-status js-add-button" >
                  <a href="#" class ="js-notify-me notify_me" data-sku-inv-status=""  data-sku-base-id="">Notify Me!</a>
                </div>

                  <div class="temp-out-of-stock__text">Temp Out of Stock</div>
                  <div class="temp-out-of-stock-short__text">Temp Out of Stock</div>
                </li>
                <li class="js-inv-status-3 product__inv-status-item coming-soon display__notify-me ">                <div class="notify-status js-add-button" >
                  <a href="#" class ="js-notify-me notify_me" data-sku-inv-status=""  data-sku-base-id="">Notify Me!</a>
                </div>
<div class="coming-soon_text">Coming soon</div></li>
                <li class="js-inv-status-5 product__inv-status-item inactive">Sorry, this item is inactive.</li>
                <li class="js-inv-status-7 product__inv-status-item sold-out btn">Sold Out</li>
              </ul>
              <a class="product__link-to-spp js-product__link-to-spp" href="http://www.maccosmetics.co.uk/product/13854/46136/products/makeup/lips/lipstick/lipstick-james-kaliardos" data-product='{"prodid": "PROD46136", "sku": ""}'  >Shop <span id="sku_count">4</span> Shades</a>
              <a class="product__link-custom js-product__link-to-spp" href="http://www.maccosmetics.co.uk/product/13854/46136/products/makeup/lips/lipstick/lipstick-james-kaliardos" data-product='{"prodid": "PROD46136", "sku": ""}'></a>
              <a class="product__replenish hide-non-shoppable-product hide-non-orderable-product overlay-link" href="#" data-product='{"prodid": "PROD46136", "sku": ""}'></a>
            
            </footer>
          </div>
      
        </div>
      
      
      
      
      
      
          <div class="js-shade-picker__color"></div>
      
      
      </div>
    </div>
    <div data-match-height="mpp-items" class="grid--mpp__item" style="height: 480px;" data-sku-target="SKU77222" data-sku-base-target="77222">
      <div class="product
        
        
        
        
         product--teaser
         product--shaded
        
        
         product--sku-product
        
        
         product--defaultSku
        
        "
        id="product--prod_id-PROD46136"
        data-product='{"prodid":"PROD46136","sku":"SKU77222"}'
        data-product-id="PROD46136"
        
        
        
        >
        <div class="product__detail">
          <div class="product__sku-details" id="product-detail-attach">
            <header class="product__header">
              <div class="product_header_details">
                <a class="product__name-link js-product__link-to-spp" href="http://www.maccosmetics.co.uk/product/13854/46136/products/makeup/lips/lipstick/lipstick-james-kaliardos#/shade/Bloodstone">
                    <h3 class="product__name">Lipstick / James Kaliardos</h3>
                    <h3 class="product__name product__name_short"></h3>
                </a>
            
                    <p class="product__description-short">4 Shades, Satin/ Lustre/ Amplified/Cremesheen Finishes, Limited Edition</p>
            
                  <div class="product__rating">
                    <span class="product__rating-non"></span></div>
                <div class="product__price">
                         
                          
                           <span class="product__price--standard">£16.50 </span>
                </div>
                <div class="product__faves--teaser product__faves--teaser_mobile">            <a class="product__add-to-faves add-to-favorites js-add-to-favorites"
               
               href="#"
               data-product='{"prodid": "PROD46136", "sku": "", "SKU_BASE_ID": ""}'
               data-tooltip-added='Added to &lt;a href=http://www.maccosmetics.co.uk/"/account/favorites/index.tmpl">Favourites</a>!'
               data-tooltip-removed='Item has been removed from your &lt;a href=http://www.maccosmetics.co.uk/"/account/favorites/index.tmpl">Favourites</a>'
               data-default-fav='77222'>
              <i class="icon--heart-o"></i>
            </a>
</div>
                <div class="product__price_set ">
                  <div class="product__price_ppu clear">
                  <span class="product__price_ppu--inside"></span></div>
                  
                </div>
                  <div class="product__faves--teaser">            <a class="product__add-to-faves add-to-favorites js-add-to-favorites"
               
               href="#"
               data-product='{"prodid": "PROD46136", "sku": "", "SKU_BASE_ID": ""}'
               data-tooltip-added='Added to &lt;a href=http://www.maccosmetics.co.uk/"/account/favorites/index.tmpl">Favourites</a>!'
               data-tooltip-removed='Item has been removed from your &lt;a href=http://www.maccosmetics.co.uk/"/account/favorites/index.tmpl">Favourites</a>'
               data-default-fav='77222'>
              <i class="icon--heart-o"></i>
            </a>
</div>
            
            
            
            
            
            </header>
            
            <div class="product__images js-shade-trigger">
            
              <div class="product__images-inner carousel-wrapper">
            
            
                  <div class="product__image-medium ">
                    <div class="js-inv-status-2 product__inv-status-item temp-out-of-stock__text">Temp Out of Stock</div> 
                    <div class="js-inv-status-3 product__inv-status-item coming_soon-full_text">Coming soon</div>
                    <a class="product__image-medium-link js-product__link-to-spp" href="http://www.maccosmetics.co.uk/product/13854/46136/products/makeup/lips/lipstick/lipstick-james-kaliardos#/shade/Bloodstone">
             
                        <img class="product__sku-image--rendered--medium fade-non-shoppable-product" src="http://www.maccosmetics.co.uk/media/export/cms/products/280x320/mac_sku_S4E5CX_280x320_0.jpg" alt="" title="Lipstick / James Kaliardos" />
                    </a>
                  </div>
            
              </div>
            </div>
            
            
            <footer class="product__footer">
                <div class="view-all-shades view-all-shades--mobile hide-xlarge-up js-trigger-mobile-shade-selector">
                  <span class="view-all-shades__text">Shop <span id="sku_count">4</span> Shades</span>
                </div>
            
                <div class="product__product-details-shade">
            
                  <div class="product__product-details-shade-smoosh shade-picker__color-wrapper">
                    <a class="js-product__link-to-spp js-trigger-mobile-shade-selector" href="http://www.maccosmetics.co.uk/product/13854/46136/products/makeup/lips/lipstick/lipstick-james-kaliardos#/shade/Bloodstone"><div class="shade-picker__color-texture" style="background-image: url('http://www.maccosmetics.co.uk/media/export/cms/products/smoosh/mac_smoosh_S4E4J4.jpg'); background-color: "></div></a>
                  </div>
            
                  <div class="product__product-details-shade-name" style="color:;"></div>
                  <div class="product__product-details-shade-description"><a href="#" class="product__product-life-tooltip js-shade-description-tooltip" data-title=""></a></div>
                </div>
            
            
            
              
              
             
              <div class="product__size"> 3 g </div>
            
              <div class="product_content_fav_mobile ">
              <a class="product__add-to-faves add-to-favorites js-add-to-favorites"
                 
                 href="#"
                 data-product='{"prodid": "PROD46136", "sku": "", "SKU_BASE_ID": ""}'
                 data-tooltip-added='Added to &lt;a href=http://www.maccosmetics.co.uk/"/account/favorites/index.tmpl">Favourites</a>!'
                 data-tooltip-removed='Item has been removed from your &lt;a href=http://www.maccosmetics.co.uk/"/account/favorites/index.tmpl">Favourites</a>'
                 data-default-fav='77222'>
                <i class="icon--heart-o"></i>
              </a>
              <div class="product__price ">
                      
                        
                        <span class="product__price--standard">£16.50 </span>
              </div>
              <div class="product__price_ppu">
              <span class="product__price_ppu--inside"></span></div>
              
              
              <ul class="product__inventory-status js-inv-status-list temp-out-of-stock_notifyme-spacing" data-sku-base-id="">
                <li class="js-inv-status-2 product__inv-status-item temp-out-of-stock display__notify-me">
                                  <div class="notify-status js-add-button" >
                  <a href="#" class ="js-notify-me notify_me" data-sku-inv-status=""  data-sku-base-id="">Notify Me!</a>
                </div>

                  <div class="temp-out-of-stock__text">Temp Out of Stock</div>
                  <div class="temp-out-of-stock-short__text">Temp Out of Stock</div>
                </li>
                <li class="js-inv-status-3 product__inv-status-item coming-soon display__notify-me ">                <div class="notify-status js-add-button" >
                  <a href="#" class ="js-notify-me notify_me" data-sku-inv-status=""  data-sku-base-id="">Notify Me!</a>
                </div>
<div class="coming-soon_text">Coming soon</div></li>
                <li class="js-inv-status-5 product__inv-status-item inactive">Sorry, this item is inactive.</li>
                <li class="js-inv-status-7 product__inv-status-item sold-out btn">Sold Out</li>
              </ul>
              <a class="product__link-to-spp js-product__link-to-spp" href="http://www.maccosmetics.co.uk/product/13854/46136/products/makeup/lips/lipstick/lipstick-james-kaliardos" data-product='{"prodid": "PROD46136", "sku": ""}'  >Shop <span id="sku_count">4</span> Shades</a>
              <a class="product__link-custom js-product__link-to-spp" href="http://www.maccosmetics.co.uk/product/13854/46136/products/makeup/lips/lipstick/lipstick-james-kaliardos" data-product='{"prodid": "PROD46136", "sku": ""}'></a>
              <a class="product__replenish hide-non-shoppable-product hide-non-orderable-product overlay-link" href="#" data-product='{"prodid": "PROD46136", "sku": ""}'></a>
            
            </footer>
          </div>
      
        </div>
      
      
      
      
      
      
          <div class="js-shade-picker__color"></div>
      
      
      </div>
    </div>
    <div data-match-height="mpp-items" class="grid--mpp__item" style="height: 480px;" data-sku-target="SKU77223" data-sku-base-target="77223">
      <div class="product
        
        
        
        
         product--teaser
         product--shaded
        
        
         product--sku-product
        
        
         product--defaultSku
        
        "
        id="product--prod_id-PROD46136"
        data-product='{"prodid":"PROD46136","sku":"SKU77223"}'
        data-product-id="PROD46136"
        
        
        
        >
        <div class="product__detail">
          <div class="product__sku-details" id="product-detail-attach">
            <header class="product__header">
              <div class="product_header_details">
                <a class="product__name-link js-product__link-to-spp" href="http://www.maccosmetics.co.uk/product/13854/46136/products/makeup/lips/lipstick/lipstick-james-kaliardos#/shade/Jasper">
                    <h3 class="product__name">Lipstick / James Kaliardos</h3>
                    <h3 class="product__name product__name_short"></h3>
                </a>
            
                    <p class="product__description-short">4 Shades, Satin/ Lustre/ Amplified/Cremesheen Finishes, Limited Edition</p>
            
                  <div class="product__rating">
                    <span class="product__rating-non"></span></div>
                <div class="product__price">
                         
                          
                           <span class="product__price--standard">£16.50 </span>
                </div>
                <div class="product__faves--teaser product__faves--teaser_mobile">            <a class="product__add-to-faves add-to-favorites js-add-to-favorites"
               
               href="#"
               data-product='{"prodid": "PROD46136", "sku": "", "SKU_BASE_ID": ""}'
               data-tooltip-added='Added to &lt;a href=http://www.maccosmetics.co.uk/"/account/favorites/index.tmpl">Favourites</a>!'
               data-tooltip-removed='Item has been removed from your &lt;a href=http://www.maccosmetics.co.uk/"/account/favorites/index.tmpl">Favourites</a>'
               data-default-fav='77223'>
              <i class="icon--heart-o"></i>
            </a>
</div>
                <div class="product__price_set ">
                  <div class="product__price_ppu clear">
                  <span class="product__price_ppu--inside"></span></div>
                  
                </div>
                  <div class="product__faves--teaser">            <a class="product__add-to-faves add-to-favorites js-add-to-favorites"
               
               href="#"
               data-product='{"prodid": "PROD46136", "sku": "", "SKU_BASE_ID": ""}'
               data-tooltip-added='Added to &lt;a href=http://www.maccosmetics.co.uk/"/account/favorites/index.tmpl">Favourites</a>!'
               data-tooltip-removed='Item has been removed from your &lt;a href=http://www.maccosmetics.co.uk/"/account/favorites/index.tmpl">Favourites</a>'
               data-default-fav='77223'>
              <i class="icon--heart-o"></i>
            </a>
</div>
            
            
            
            
            
            </header>
            
            <div class="product__images js-shade-trigger">
            
              <div class="product__images-inner carousel-wrapper">
            
            
                  <div class="product__image-medium ">
                    <div class="js-inv-status-2 product__inv-status-item temp-out-of-stock__text">Temp Out of Stock</div> 
                    <div class="js-inv-status-3 product__inv-status-item coming_soon-full_text">Coming soon</div>
                    <a class="product__image-medium-link js-product__link-to-spp" href="http://www.maccosmetics.co.uk/product/13854/46136/products/makeup/lips/lipstick/lipstick-james-kaliardos#/shade/Jasper">
             
                        <img class="product__sku-image--rendered--medium fade-non-shoppable-product" src="http://www.maccosmetics.co.uk/media/export/cms/products/280x320/mac_sku_S4E61T_280x320_0.jpg" alt="" title="Lipstick / James Kaliardos" />
                    </a>
                  </div>
            
              </div>
            </div>
            
            
            <footer class="product__footer">
                <div class="view-all-shades view-all-shades--mobile hide-xlarge-up js-trigger-mobile-shade-selector">
                  <span class="view-all-shades__text">Shop <span id="sku_count">4</span> Shades</span>
                </div>
            
                <div class="product__product-details-shade">
            
                  <div class="product__product-details-shade-smoosh shade-picker__color-wrapper">
                    <a class="js-product__link-to-spp js-trigger-mobile-shade-selector" href="http://www.maccosmetics.co.uk/product/13854/46136/products/makeup/lips/lipstick/lipstick-james-kaliardos#/shade/Jasper"><div class="shade-picker__color-texture" style="background-image: url('http://www.maccosmetics.co.uk/media/export/cms/products/smoosh/mac_smoosh_S4E4J4.jpg'); background-color: "></div></a>
                  </div>
            
                  <div class="product__product-details-shade-name" style="color:;"></div>
                  <div class="product__product-details-shade-description"><a href="#" class="product__product-life-tooltip js-shade-description-tooltip" data-title=""></a></div>
                </div>
            
            
            
              
              
             
              <div class="product__size"> 3 g </div>
            
              <div class="product_content_fav_mobile ">
              <a class="product__add-to-faves add-to-favorites js-add-to-favorites"
                 
                 href="#"
                 data-product='{"prodid": "PROD46136", "sku": "", "SKU_BASE_ID": ""}'
                 data-tooltip-added='Added to &lt;a href=http://www.maccosmetics.co.uk/"/account/favorites/index.tmpl">Favourites</a>!'
                 data-tooltip-removed='Item has been removed from your &lt;a href=http://www.maccosmetics.co.uk/"/account/favorites/index.tmpl">Favourites</a>'
                 data-default-fav='77223'>
                <i class="icon--heart-o"></i>
              </a>
              <div class="product__price ">
                      
                        
                        <span class="product__price--standard">£16.50 </span>
              </div>
              <div class="product__price_ppu">
              <span class="product__price_ppu--inside"></span></div>
              
              
              <ul class="product__inventory-status js-inv-status-list temp-out-of-stock_notifyme-spacing" data-sku-base-id="">
                <li class="js-inv-status-2 product__inv-status-item temp-out-of-stock display__notify-me">
                                  <div class="notify-status js-add-button" >
                  <a href="#" class ="js-notify-me notify_me" data-sku-inv-status=""  data-sku-base-id="">Notify Me!</a>
                </div>

                  <div class="temp-out-of-stock__text">Temp Out of Stock</div>
                  <div class="temp-out-of-stock-short__text">Temp Out of Stock</div>
                </li>
                <li class="js-inv-status-3 product__inv-status-item coming-soon display__notify-me ">                <div class="notify-status js-add-button" >
                  <a href="#" class ="js-notify-me notify_me" data-sku-inv-status=""  data-sku-base-id="">Notify Me!</a>
                </div>
<div class="coming-soon_text">Coming soon</div></li>
                <li class="js-inv-status-5 product__inv-status-item inactive">Sorry, this item is inactive.</li>
                <li class="js-inv-status-7 product__inv-status-item sold-out btn">Sold Out</li>
              </ul>
              <a class="product__link-to-spp js-product__link-to-spp" href="http://www.maccosmetics.co.uk/product/13854/46136/products/makeup/lips/lipstick/lipstick-james-kaliardos" data-product='{"prodid": "PROD46136", "sku": ""}'  >Shop <span id="sku_count">4</span> Shades</a>
              <a class="product__link-custom js-product__link-to-spp" href="http://www.maccosmetics.co.uk/product/13854/46136/products/makeup/lips/lipstick/lipstick-james-kaliardos" data-product='{"prodid": "PROD46136", "sku": ""}'></a>
              <a class="product__replenish hide-non-shoppable-product hide-non-orderable-product overlay-link" href="#" data-product='{"prodid": "PROD46136", "sku": ""}'></a>
            
            </footer>
          </div>
      
        </div>
      
      
      
      
      
      
          <div class="js-shade-picker__color"></div>
      
      
      </div>
    </div>
    <div data-match-height="mpp-items" class="grid--mpp__item" style="height: 480px;" data-sku-target="SKU77226" data-sku-base-target="77226">
      <div class="product
        
        
        
        
         product--teaser
         product--shaded
        
        
         product--sku-product
        
        
         product--defaultSku
        
        "
        id="product--prod_id-PROD46137"
        data-product='{"prodid":"PROD46137","sku":"SKU77226"}'
        data-product-id="PROD46137"
        
        
        
        >
        <div class="product__detail">
          <div class="product__sku-details" id="product-detail-attach">
            <header class="product__header">
              <div class="product_header_details">
                <a class="product__name-link js-product__link-to-spp" href="http://www.maccosmetics.co.uk/product/13853/46137/products/makeup/lips/lipgloss/tricolour-lipglass-james-kaliardos#/shade/Stratagloss_Opalite">
                    <h3 class="product__name">Tricolour Lipglass / James Kaliardos</h3>
                    <h3 class="product__name product__name_short"></h3>
                </a>
            
                    <p class="product__description-short">3 Layered Shades in 1, Lustrous, Conditioning</p>
            
                  <div class="product__rating">
                    <div class="product__rating-stars">
                      <div style="width: 60%;" class="product__rating-percentage">
                        <div class="product__rating-stars-rating"></div>
                      </div>
                    </div>
                  </div>
                <div class="product__price">
                         
                          
                           <span class="product__price--standard">£18.00 </span>
                </div>
                <div class="product__faves--teaser product__faves--teaser_mobile">            <a class="product__add-to-faves add-to-favorites js-add-to-favorites"
               
               href="#"
               data-product='{"prodid": "PROD46137", "sku": "", "SKU_BASE_ID": ""}'
               data-tooltip-added='Added to &lt;a href=http://www.maccosmetics.co.uk/"/account/favorites/index.tmpl">Favourites</a>!'
               data-tooltip-removed='Item has been removed from your &lt;a href=http://www.maccosmetics.co.uk/"/account/favorites/index.tmpl">Favourites</a>'
               data-default-fav='77226'>
              <i class="icon--heart-o"></i>
            </a>
</div>
                <div class="product__price_set ">
                  <div class="product__price_ppu clear">
                  <span class="product__price_ppu--inside"></span></div>
                  
                </div>
                  <div class="product__faves--teaser">            <a class="product__add-to-faves add-to-favorites js-add-to-favorites"
               
               href="#"
               data-product='{"prodid": "PROD46137", "sku": "", "SKU_BASE_ID": ""}'
               data-tooltip-added='Added to &lt;a href=http://www.maccosmetics.co.uk/"/account/favorites/index.tmpl">Favourites</a>!'
               data-tooltip-removed='Item has been removed from your &lt;a href=http://www.maccosmetics.co.uk/"/account/favorites/index.tmpl">Favourites</a>'
               data-default-fav='77226'>
              <i class="icon--heart-o"></i>
            </a>
</div>
            
            
            
            
            
            </header>
            
            <div class="product__images js-shade-trigger">
            
              <div class="product__images-inner carousel-wrapper">
            
            
                  <div class="product__image-medium ">
                    <div class="js-inv-status-2 product__inv-status-item temp-out-of-stock__text">Temp Out of Stock</div> 
                    <div class="js-inv-status-3 product__inv-status-item coming_soon-full_text">Coming soon</div>
                    <a class="product__image-medium-link js-product__link-to-spp" href="http://www.maccosmetics.co.uk/product/13853/46137/products/makeup/lips/lipgloss/tricolour-lipglass-james-kaliardos#/shade/Stratagloss_Opalite">
             
                        <img class="product__sku-image--rendered--medium fade-non-shoppable-product" src="http://www.maccosmetics.co.uk/media/export/cms/products/280x320/mac_sku_S4F302_280x320_0.jpg" alt="" title="Tricolour Lipglass / James Kaliardos" />
                    </a>
                  </div>
            
              </div>
            </div>
            
            
            <footer class="product__footer">
                <div class="view-all-shades view-all-shades--mobile hide-xlarge-up js-trigger-mobile-shade-selector">
                  <span class="view-all-shades__text">Shop <span id="sku_count">2</span> Shades</span>
                </div>
            
                <div class="product__product-details-shade">
            
                  <div class="product__product-details-shade-smoosh shade-picker__color-wrapper">
                    <a class="js-product__link-to-spp js-trigger-mobile-shade-selector" href="http://www.maccosmetics.co.uk/product/13853/46137/products/makeup/lips/lipgloss/tricolour-lipglass-james-kaliardos#/shade/Stratagloss_Opalite"><div class="shade-picker__color-texture" style="background-image: url('http://www.maccosmetics.co.uk/media/export/cms/products/smoosh/mac_smoosh_S4F301.jpg'); background-color: "></div></a>
                  </div>
            
                  <div class="product__product-details-shade-name" style="color:;"></div>
                  <div class="product__product-details-shade-description"><a href="#" class="product__product-life-tooltip js-shade-description-tooltip" data-title=""></a></div>
                </div>
            
            
            
              
              
             
              <div class="product__size"> 5 ml </div>
            
              <div class="product_content_fav_mobile ">
              <a class="product__add-to-faves add-to-favorites js-add-to-favorites"
                 
                 href="#"
                 data-product='{"prodid": "PROD46137", "sku": "", "SKU_BASE_ID": ""}'
                 data-tooltip-added='Added to &lt;a href=http://www.maccosmetics.co.uk/"/account/favorites/index.tmpl">Favourites</a>!'
                 data-tooltip-removed='Item has been removed from your &lt;a href=http://www.maccosmetics.co.uk/"/account/favorites/index.tmpl">Favourites</a>'
                 data-default-fav='77226'>
                <i class="icon--heart-o"></i>
              </a>
              <div class="product__price ">
                      
                        
                        <span class="product__price--standard">£18.00 </span>
              </div>
              <div class="product__price_ppu">
              <span class="product__price_ppu--inside"></span></div>
              
              
              <ul class="product__inventory-status js-inv-status-list temp-out-of-stock_notifyme-spacing" data-sku-base-id="">
                <li class="js-inv-status-2 product__inv-status-item temp-out-of-stock display__notify-me">
                                  <div class="notify-status js-add-button" >
                  <a href="#" class ="js-notify-me notify_me" data-sku-inv-status=""  data-sku-base-id="">Notify Me!</a>
                </div>

                  <div class="temp-out-of-stock__text">Temp Out of Stock</div>
                  <div class="temp-out-of-stock-short__text">Temp Out of Stock</div>
                </li>
                <li class="js-inv-status-3 product__inv-status-item coming-soon display__notify-me ">                <div class="notify-status js-add-button" >
                  <a href="#" class ="js-notify-me notify_me" data-sku-inv-status=""  data-sku-base-id="">Notify Me!</a>
                </div>
<div class="coming-soon_text">Coming soon</div></li>
                <li class="js-inv-status-5 product__inv-status-item inactive">Sorry, this item is inactive.</li>
                <li class="js-inv-status-7 product__inv-status-item sold-out btn">Sold Out</li>
              </ul>
              <a class="product__link-to-spp js-product__link-to-spp" href="http://www.maccosmetics.co.uk/product/13853/46137/products/makeup/lips/lipgloss/tricolour-lipglass-james-kaliardos" data-product='{"prodid": "PROD46137", "sku": ""}'  >Shop <span id="sku_count">2</span> Shades</a>
              <a class="product__link-custom js-product__link-to-spp" href="http://www.maccosmetics.co.uk/product/13853/46137/products/makeup/lips/lipgloss/tricolour-lipglass-james-kaliardos" data-product='{"prodid": "PROD46137", "sku": ""}'></a>
              <a class="product__replenish hide-non-shoppable-product hide-non-orderable-product overlay-link" href="#" data-product='{"prodid": "PROD46137", "sku": ""}'></a>
            
            </footer>
          </div>
      
        </div>
      
      
      
      
      
      
          <div class="js-shade-picker__color"></div>
      
      
      </div>
    </div>
    <div data-match-height="mpp-items" class="grid--mpp__item" style="height: 480px;" data-sku-target="SKU77225" data-sku-base-target="77225">
      <div class="product
        
        
        
        
         product--teaser
         product--shaded
        
        
         product--sku-product
        
        
         product--defaultSku
        
        "
        id="product--prod_id-PROD46137"
        data-product='{"prodid":"PROD46137","sku":"SKU77225"}'
        data-product-id="PROD46137"
        
        
        
        >
        <div class="product__detail">
          <div class="product__sku-details" id="product-detail-attach">
            <header class="product__header">
              <div class="product_header_details">
                <a class="product__name-link js-product__link-to-spp" href="http://www.maccosmetics.co.uk/product/13853/46137/products/makeup/lips/lipgloss/tricolour-lipglass-james-kaliardos#/shade/Stratagloss_Pyrite">
                    <h3 class="product__name">Tricolour Lipglass / James Kaliardos</h3>
                    <h3 class="product__name product__name_short"></h3>
                </a>
            
                    <p class="product__description-short">3 Layered Shades in 1, Lustrous, Conditioning</p>
            
                  <div class="product__rating">
                    <div class="product__rating-stars">
                      <div style="width: 60%;" class="product__rating-percentage">
                        <div class="product__rating-stars-rating"></div>
                      </div>
                    </div>
                  </div>
                <div class="product__price">
                         
                          
                           <span class="product__price--standard">£18.00 </span>
                </div>
                <div class="product__faves--teaser product__faves--teaser_mobile">            <a class="product__add-to-faves add-to-favorites js-add-to-favorites"
               
               href="#"
               data-product='{"prodid": "PROD46137", "sku": "", "SKU_BASE_ID": ""}'
               data-tooltip-added='Added to &lt;a href=http://www.maccosmetics.co.uk/"/account/favorites/index.tmpl">Favourites</a>!'
               data-tooltip-removed='Item has been removed from your &lt;a href=http://www.maccosmetics.co.uk/"/account/favorites/index.tmpl">Favourites</a>'
               data-default-fav='77225'>
              <i class="icon--heart-o"></i>
            </a>
</div>
                <div class="product__price_set ">
                  <div class="product__price_ppu clear">
                  <span class="product__price_ppu--inside"></span></div>
                  
                </div>
                  <div class="product__faves--teaser">            <a class="product__add-to-faves add-to-favorites js-add-to-favorites"
               
               href="#"
               data-product='{"prodid": "PROD46137", "sku": "", "SKU_BASE_ID": ""}'
               data-tooltip-added='Added to &lt;a href=http://www.maccosmetics.co.uk/"/account/favorites/index.tmpl">Favourites</a>!'
               data-tooltip-removed='Item has been removed from your &lt;a href=http://www.maccosmetics.co.uk/"/account/favorites/index.tmpl">Favourites</a>'
               data-default-fav='77225'>
              <i class="icon--heart-o"></i>
            </a>
</div>
            
            
            
            
            
            </header>
            
            <div class="product__images js-shade-trigger">
            
              <div class="product__images-inner carousel-wrapper">
            
            
                  <div class="product__image-medium ">
                    <div class="js-inv-status-2 product__inv-status-item temp-out-of-stock__text">Temp Out of Stock</div> 
                    <div class="js-inv-status-3 product__inv-status-item coming_soon-full_text">Coming soon</div>
                    <a class="product__image-medium-link js-product__link-to-spp" href="http://www.maccosmetics.co.uk/product/13853/46137/products/makeup/lips/lipgloss/tricolour-lipglass-james-kaliardos#/shade/Stratagloss_Pyrite">
             
                        <img class="product__sku-image--rendered--medium fade-non-shoppable-product" src="http://www.maccosmetics.co.uk/media/export/cms/products/280x320/mac_sku_S4F301_280x320_0.jpg" alt="" title="Tricolour Lipglass / James Kaliardos" />
                    </a>
                  </div>
            
              </div>
            </div>
            
            
            <footer class="product__footer">
                <div class="view-all-shades view-all-shades--mobile hide-xlarge-up js-trigger-mobile-shade-selector">
                  <span class="view-all-shades__text">Shop <span id="sku_count">2</span> Shades</span>
                </div>
            
                <div class="product__product-details-shade">
            
                  <div class="product__product-details-shade-smoosh shade-picker__color-wrapper">
                    <a class="js-product__link-to-spp js-trigger-mobile-shade-selector" href="http://www.maccosmetics.co.uk/product/13853/46137/products/makeup/lips/lipgloss/tricolour-lipglass-james-kaliardos#/shade/Stratagloss_Pyrite"><div class="shade-picker__color-texture" style="background-image: url('http://www.maccosmetics.co.uk/media/export/cms/products/smoosh/mac_smoosh_S4F301.jpg'); background-color: "></div></a>
                  </div>
            
                  <div class="product__product-details-shade-name" style="color:;"></div>
                  <div class="product__product-details-shade-description"><a href="#" class="product__product-life-tooltip js-shade-description-tooltip" data-title=""></a></div>
                </div>
            
            
            
              
              
             
              <div class="product__size"> 5 ml </div>
            
              <div class="product_content_fav_mobile ">
              <a class="product__add-to-faves add-to-favorites js-add-to-favorites"
                 
                 href="#"
                 data-product='{"prodid": "PROD46137", "sku": "", "SKU_BASE_ID": ""}'
                 data-tooltip-added='Added to &lt;a href=http://www.maccosmetics.co.uk/"/account/favorites/index.tmpl">Favourites</a>!'
                 data-tooltip-removed='Item has been removed from your &lt;a href=http://www.maccosmetics.co.uk/"/account/favorites/index.tmpl">Favourites</a>'
                 data-default-fav='77225'>
                <i class="icon--heart-o"></i>
              </a>
              <div class="product__price ">
                      
                        
                        <span class="product__price--standard">£18.00 </span>
              </div>
              <div class="product__price_ppu">
              <span class="product__price_ppu--inside"></span></div>
              
              
              <ul class="product__inventory-status js-inv-status-list temp-out-of-stock_notifyme-spacing" data-sku-base-id="">
                <li class="js-inv-status-2 product__inv-status-item temp-out-of-stock display__notify-me">
                                  <div class="notify-status js-add-button" >
                  <a href="#" class ="js-notify-me notify_me" data-sku-inv-status=""  data-sku-base-id="">Notify Me!</a>
                </div>

                  <div class="temp-out-of-stock__text">Temp Out of Stock</div>
                  <div class="temp-out-of-stock-short__text">Temp Out of Stock</div>
                </li>
                <li class="js-inv-status-3 product__inv-status-item coming-soon display__notify-me ">                <div class="notify-status js-add-button" >
                  <a href="#" class ="js-notify-me notify_me" data-sku-inv-status=""  data-sku-base-id="">Notify Me!</a>
                </div>
<div class="coming-soon_text">Coming soon</div></li>
                <li class="js-inv-status-5 product__inv-status-item inactive">Sorry, this item is inactive.</li>
                <li class="js-inv-status-7 product__inv-status-item sold-out btn">Sold Out</li>
              </ul>
              <a class="product__link-to-spp js-product__link-to-spp" href="http://www.maccosmetics.co.uk/product/13853/46137/products/makeup/lips/lipgloss/tricolour-lipglass-james-kaliardos" data-product='{"prodid": "PROD46137", "sku": ""}'  >Shop <span id="sku_count">2</span> Shades</a>
              <a class="product__link-custom js-product__link-to-spp" href="http://www.maccosmetics.co.uk/product/13853/46137/products/makeup/lips/lipgloss/tricolour-lipglass-james-kaliardos" data-product='{"prodid": "PROD46137", "sku": ""}'></a>
              <a class="product__replenish hide-non-shoppable-product hide-non-orderable-product overlay-link" href="#" data-product='{"prodid": "PROD46137", "sku": ""}'></a>
            
            </footer>
          </div>
      
        </div>
      
      
      
      
      
      
          <div class="js-shade-picker__color"></div>
      
      
      </div>
    </div>
    <div data-match-height="mpp-items" class="grid--mpp__item" style="height: 480px;" data-sku-target="SKU72152" data-sku-base-target="72152">
      <div class="product
        
        
        
        
         product--teaser
         product--shaded
        
        
         product--sku-product
        
        
         product--defaultSku
        
        "
        id="product--prod_id-PROD340"
        data-product='{"prodid":"PROD340","sku":"SKU72152"}'
        data-product-id="PROD340"
        
        
        
        >
        <div class="product__detail">
          <div class="product__sku-details" id="product-detail-attach">
            <header class="product__header">
              <div class="product_header_details">
                <a class="product__name-link js-product__link-to-spp" href="http://www.maccosmetics.co.uk/product/13852/340/products/makeup/lips/lip-pencil/lip-pencil#/shade/Vino">
                    <h3 class="product__name">Lip Pencil</h3>
                    <h3 class="product__name product__name_short"></h3>
                </a>
            
                    <p class="product__description-short">Creamy, Professional, Artistry</p>
            
                  <div class="product__rating">
                    <div class="product__rating-stars">
                      <div style="width: 90%;" class="product__rating-percentage">
                        <div class="product__rating-stars-rating"></div>
                      </div>
                    </div>
                  </div>
                <div class="product__price">
                         
                          
                           <span class="product__price--standard">£13.00 </span>
                </div>
                <div class="product__faves--teaser product__faves--teaser_mobile">            <a class="product__add-to-faves add-to-favorites js-add-to-favorites"
               
               href="#"
               data-product='{"prodid": "PROD340", "sku": "", "SKU_BASE_ID": ""}'
               data-tooltip-added='Added to &lt;a href=http://www.maccosmetics.co.uk/"/account/favorites/index.tmpl">Favourites</a>!'
               data-tooltip-removed='Item has been removed from your &lt;a href=http://www.maccosmetics.co.uk/"/account/favorites/index.tmpl">Favourites</a>'
               data-default-fav='72152'>
              <i class="icon--heart-o"></i>
            </a>
</div>
                <div class="product__price_set ">
                  <div class="product__price_ppu clear">
                  <span class="product__price_ppu--inside"></span></div>
                  
                </div>
                  <div class="product__faves--teaser">            <a class="product__add-to-faves add-to-favorites js-add-to-favorites"
               
               href="#"
               data-product='{"prodid": "PROD340", "sku": "", "SKU_BASE_ID": ""}'
               data-tooltip-added='Added to &lt;a href=http://www.maccosmetics.co.uk/"/account/favorites/index.tmpl">Favourites</a>!'
               data-tooltip-removed='Item has been removed from your &lt;a href=http://www.maccosmetics.co.uk/"/account/favorites/index.tmpl">Favourites</a>'
               data-default-fav='72152'>
              <i class="icon--heart-o"></i>
            </a>
</div>
            
            
            
            
            
            </header>
            
            <div class="product__images js-shade-trigger">
            
              <div class="product__images-inner carousel-wrapper">
            
            
                  <div class="product__image-medium ">
                    <div class="js-inv-status-2 product__inv-status-item temp-out-of-stock__text">Temp Out of Stock</div> 
                    <div class="js-inv-status-3 product__inv-status-item coming_soon-full_text">Coming soon</div>
                    <a class="product__image-medium-link js-product__link-to-spp" href="http://www.maccosmetics.co.uk/product/13852/340/products/makeup/lips/lip-pencil/lip-pencil#/shade/Vino">
             
                        <img class="product__sku-image--rendered--medium fade-non-shoppable-product" src="http://www.maccosmetics.co.uk/media/export/cms/products/280x320/mac_sku_S4W924_280x320_0.jpg" alt="" title="Lip Pencil" />
                    </a>
                  </div>
            
              </div>
            </div>
            
            
            <footer class="product__footer">
                <div class="view-all-shades view-all-shades--mobile hide-xlarge-up js-trigger-mobile-shade-selector">
                  <span class="view-all-shades__text">Shop <span id="sku_count">38</span> Shades</span>
                </div>
            
                <div class="product__product-details-shade">
            
                  <div class="product__product-details-shade-smoosh shade-picker__color-wrapper">
                    <a class="js-product__link-to-spp js-trigger-mobile-shade-selector" href="http://www.maccosmetics.co.uk/product/13852/340/products/makeup/lips/lip-pencil/lip-pencil#/shade/Vino"><div class="shade-picker__color-texture" style="background-image: url('http://www.maccosmetics.co.uk/media/export/cms/products/smoosh/mac_smoosh_M380.jpg'); background-color: "></div></a>
                  </div>
            
                  <div class="product__product-details-shade-name" style="color:;"></div>
                  <div class="product__product-details-shade-description"><a href="#" class="product__product-life-tooltip js-shade-description-tooltip" data-title=""></a></div>
                </div>
            
            
            
              
              
             
              <div class="product__size"> 1.45 g </div>
            
              <div class="product_content_fav_mobile ">
              <a class="product__add-to-faves add-to-favorites js-add-to-favorites"
                 
                 href="#"
                 data-product='{"prodid": "PROD340", "sku": "", "SKU_BASE_ID": ""}'
                 data-tooltip-added='Added to &lt;a href=http://www.maccosmetics.co.uk/"/account/favorites/index.tmpl">Favourites</a>!'
                 data-tooltip-removed='Item has been removed from your &lt;a href=http://www.maccosmetics.co.uk/"/account/favorites/index.tmpl">Favourites</a>'
                 data-default-fav='72152'>
                <i class="icon--heart-o"></i>
              </a>
              <div class="product__price ">
                      
                        
                        <span class="product__price--standard">£13.00 </span>
              </div>
              <div class="product__price_ppu">
              <span class="product__price_ppu--inside"></span></div>
              
              
              <ul class="product__inventory-status js-inv-status-list temp-out-of-stock_notifyme-spacing" data-sku-base-id="">
                <li class="js-inv-status-2 product__inv-status-item temp-out-of-stock display__notify-me">
                                  <div class="notify-status js-add-button" >
                  <a href="#" class ="js-notify-me notify_me" data-sku-inv-status=""  data-sku-base-id="">Notify Me!</a>
                </div>

                  <div class="temp-out-of-stock__text">Temp Out of Stock</div>
                  <div class="temp-out-of-stock-short__text">Temp Out of Stock</div>
                </li>
                <li class="js-inv-status-3 product__inv-status-item coming-soon display__notify-me ">                <div class="notify-status js-add-button" >
                  <a href="#" class ="js-notify-me notify_me" data-sku-inv-status=""  data-sku-base-id="">Notify Me!</a>
                </div>
<div class="coming-soon_text">Coming soon</div></li>
                <li class="js-inv-status-5 product__inv-status-item inactive">Sorry, this item is inactive.</li>
                <li class="js-inv-status-7 product__inv-status-item sold-out btn">Sold Out</li>
              </ul>
              <a class="product__link-to-spp js-product__link-to-spp" href="http://www.maccosmetics.co.uk/product/13852/340/products/makeup/lips/lip-pencil/lip-pencil" data-product='{"prodid": "PROD340", "sku": ""}'  >Shop <span id="sku_count">38</span> Shades</a>
              <a class="product__link-custom js-product__link-to-spp" href="http://www.maccosmetics.co.uk/product/13852/340/products/makeup/lips/lip-pencil/lip-pencil" data-product='{"prodid": "PROD340", "sku": ""}'></a>
              <a class="product__replenish hide-non-shoppable-product hide-non-orderable-product overlay-link" href="#" data-product='{"prodid": "PROD340", "sku": ""}'></a>
            
            </footer>
          </div>
      
        </div>
      
      
      
      
      
      
          <div class="js-shade-picker__color"></div>
      
      
      </div>
    </div>
    <div data-match-height="mpp-items" class="grid--mpp__item" style="height: 480px;" data-sku-target="SKU2952" data-sku-base-target="2952">
      <div class="product
        
        
        
        
         product--teaser
         product--shaded
        
        
         product--sku-product
        
        
         product--defaultSku
        
        "
        id="product--prod_id-PROD340"
        data-product='{"prodid":"PROD340","sku":"SKU2952"}'
        data-product-id="PROD340"
        
        
        
        >
        <div class="product__detail">
          <div class="product__sku-details" id="product-detail-attach">
            <header class="product__header">
              <div class="product_header_details">
                <a class="product__name-link js-product__link-to-spp" href="http://www.maccosmetics.co.uk/product/13852/340/products/makeup/lips/lip-pencil/lip-pencil#/shade/Subculture">
                    <h3 class="product__name">Lip Pencil</h3>
                    <h3 class="product__name product__name_short"></h3>
                </a>
            
                    <p class="product__description-short">Creamy, Professional, Artistry</p>
            
                  <div class="product__rating">
                    <div class="product__rating-stars">
                      <div style="width: 90%;" class="product__rating-percentage">
                        <div class="product__rating-stars-rating"></div>
                      </div>
                    </div>
                  </div>
                <div class="product__price">
                         
                          
                           <span class="product__price--standard">£13.00 </span>
                </div>
                <div class="product__faves--teaser product__faves--teaser_mobile">            <a class="product__add-to-faves add-to-favorites js-add-to-favorites"
               
               href="#"
               data-product='{"prodid": "PROD340", "sku": "", "SKU_BASE_ID": ""}'
               data-tooltip-added='Added to &lt;a href=http://www.maccosmetics.co.uk/"/account/favorites/index.tmpl">Favourites</a>!'
               data-tooltip-removed='Item has been removed from your &lt;a href=http://www.maccosmetics.co.uk/"/account/favorites/index.tmpl">Favourites</a>'
               data-default-fav='2952'>
              <i class="icon--heart-o"></i>
            </a>
</div>
                <div class="product__price_set ">
                  <div class="product__price_ppu clear">
                  <span class="product__price_ppu--inside"></span></div>
                  
                </div>
                  <div class="product__faves--teaser">            <a class="product__add-to-faves add-to-favorites js-add-to-favorites"
               
               href="#"
               data-product='{"prodid": "PROD340", "sku": "", "SKU_BASE_ID": ""}'
               data-tooltip-added='Added to &lt;a href=http://www.maccosmetics.co.uk/"/account/favorites/index.tmpl">Favourites</a>!'
               data-tooltip-removed='Item has been removed from your &lt;a href=http://www.maccosmetics.co.uk/"/account/favorites/index.tmpl">Favourites</a>'
               data-default-fav='2952'>
              <i class="icon--heart-o"></i>
            </a>
</div>
            
            
            
            
            
            </header>
            
            <div class="product__images js-shade-trigger">
            
              <div class="product__images-inner carousel-wrapper">
            
            
                  <div class="product__image-medium ">
                    <div class="js-inv-status-2 product__inv-status-item temp-out-of-stock__text">Temp Out of Stock</div> 
                    <div class="js-inv-status-3 product__inv-status-item coming_soon-full_text">Coming soon</div>
                    <a class="product__image-medium-link js-product__link-to-spp" href="http://www.maccosmetics.co.uk/product/13852/340/products/makeup/lips/lip-pencil/lip-pencil#/shade/Subculture">
             
                        <img class="product__sku-image--rendered--medium fade-non-shoppable-product" src="http://www.maccosmetics.co.uk/media/export/cms/products/280x320/mac_sku_M38052_280x320_0.jpg" alt="" title="Lip Pencil" />
                    </a>
                  </div>
            
              </div>
            </div>
            
            
            <footer class="product__footer">
                <div class="view-all-shades view-all-shades--mobile hide-xlarge-up js-trigger-mobile-shade-selector">
                  <span class="view-all-shades__text">Shop <span id="sku_count">38</span> Shades</span>
                </div>
            
                <div class="product__product-details-shade">
            
                  <div class="product__product-details-shade-smoosh shade-picker__color-wrapper">
                    <a class="js-product__link-to-spp js-trigger-mobile-shade-selector" href="http://www.maccosmetics.co.uk/product/13852/340/products/makeup/lips/lip-pencil/lip-pencil#/shade/Subculture"><div class="shade-picker__color-texture" style="background-image: url('http://www.maccosmetics.co.uk/media/export/cms/products/smoosh/mac_smoosh_M380.jpg'); background-color: "></div></a>
                  </div>
            
                  <div class="product__product-details-shade-name" style="color:;"></div>
                  <div class="product__product-details-shade-description"><a href="#" class="product__product-life-tooltip js-shade-description-tooltip" data-title=""></a></div>
                </div>
            
            
            
              
              
             
              <div class="product__size"> 1.45 g </div>
            
              <div class="product_content_fav_mobile ">
              <a class="product__add-to-faves add-to-favorites js-add-to-favorites"
                 
                 href="#"
                 data-product='{"prodid": "PROD340", "sku": "", "SKU_BASE_ID": ""}'
                 data-tooltip-added='Added to &lt;a href=http://www.maccosmetics.co.uk/"/account/favorites/index.tmpl">Favourites</a>!'
                 data-tooltip-removed='Item has been removed from your &lt;a href=http://www.maccosmetics.co.uk/"/account/favorites/index.tmpl">Favourites</a>'
                 data-default-fav='2952'>
                <i class="icon--heart-o"></i>
              </a>
              <div class="product__price ">
                      
                        
                        <span class="product__price--standard">£13.00 </span>
              </div>
              <div class="product__price_ppu">
              <span class="product__price_ppu--inside"></span></div>
              
              
              <ul class="product__inventory-status js-inv-status-list temp-out-of-stock_notifyme-spacing" data-sku-base-id="">
                <li class="js-inv-status-2 product__inv-status-item temp-out-of-stock display__notify-me">
                                  <div class="notify-status js-add-button" >
                  <a href="#" class ="js-notify-me notify_me" data-sku-inv-status=""  data-sku-base-id="">Notify Me!</a>
                </div>

                  <div class="temp-out-of-stock__text">Temp Out of Stock</div>
                  <div class="temp-out-of-stock-short__text">Temp Out of Stock</div>
                </li>
                <li class="js-inv-status-3 product__inv-status-item coming-soon display__notify-me ">                <div class="notify-status js-add-button" >
                  <a href="#" class ="js-notify-me notify_me" data-sku-inv-status=""  data-sku-base-id="">Notify Me!</a>
                </div>
<div class="coming-soon_text">Coming soon</div></li>
                <li class="js-inv-status-5 product__inv-status-item inactive">Sorry, this item is inactive.</li>
                <li class="js-inv-status-7 product__inv-status-item sold-out btn">Sold Out</li>
              </ul>
              <a class="product__link-to-spp js-product__link-to-spp" href="http://www.maccosmetics.co.uk/product/13852/340/products/makeup/lips/lip-pencil/lip-pencil" data-product='{"prodid": "PROD340", "sku": ""}'  >Shop <span id="sku_count">38</span> Shades</a>
              <a class="product__link-custom js-product__link-to-spp" href="http://www.maccosmetics.co.uk/product/13852/340/products/makeup/lips/lip-pencil/lip-pencil" data-product='{"prodid": "PROD340", "sku": ""}'></a>
              <a class="product__replenish hide-non-shoppable-product hide-non-orderable-product overlay-link" href="#" data-product='{"prodid": "PROD340", "sku": ""}'></a>
            
            </footer>
          </div>
      
        </div>
      
      
      
      
      
      
          <div class="js-shade-picker__color"></div>
      
      
      </div>
    </div>
    <div data-match-height="mpp-items" class="grid--mpp__item" style="height: 480px;" data-sku-target="SKU77309" data-sku-base-target="77309">
      <div class="product
        
        
        
        
         product--teaser
        
        
        
         product--sku-product
        
        
         product--defaultSku
        
        "
        id="product--prod_id-PROD46219"
        data-product='{"prodid":"PROD46219","sku":"SKU77309"}'
        data-product-id="PROD46219"
        
        
        
        >
        <div class="product__detail">
          <div class="product__sku-details" id="product-detail-attach">
            <header class="product__header">
              <div class="product_header_details">
                <a class="product__name-link js-product__link-to-spp" href="http://www.maccosmetics.co.uk/product/13837/46219/products/makeup/eyes/lash/50-small-cluster-lash-james-kaliardos">
                    <h3 class="product__name">#50 Small Cluster Lash / James Kaliardos</h3>
                    <h3 class="product__name product__name_short"></h3>
                </a>
            
                    <p class="product__description-short">Fluffy Bundles, 2 Lengths, Customizable</p>
            
                  <div class="product__rating">
                    <span class="product__rating-non"></span></div>
                <div class="product__price">
                         
                          
                           <span class="product__price--standard">£11.50 </span>
                </div>
                <div class="product__faves--teaser product__faves--teaser_mobile">            <a class="product__add-to-faves add-to-favorites js-add-to-favorites"
               
               href="#"
               data-product='{"prodid": "PROD46219", "sku": "", "SKU_BASE_ID": ""}'
               data-tooltip-added='Added to &lt;a href=http://www.maccosmetics.co.uk/"/account/favorites/index.tmpl">Favourites</a>!'
               data-tooltip-removed='Item has been removed from your &lt;a href=http://www.maccosmetics.co.uk/"/account/favorites/index.tmpl">Favourites</a>'
               data-default-fav='77309'>
              <i class="icon--heart-o"></i>
            </a>
</div>
                <div class="product__price_set ">
                  <div class="product__price_ppu clear">
                  <span class="product__price_ppu--inside"></span></div>
                  
                </div>
                  <div class="product__faves--teaser">            <a class="product__add-to-faves add-to-favorites js-add-to-favorites"
               
               href="#"
               data-product='{"prodid": "PROD46219", "sku": "", "SKU_BASE_ID": ""}'
               data-tooltip-added='Added to &lt;a href=http://www.maccosmetics.co.uk/"/account/favorites/index.tmpl">Favourites</a>!'
               data-tooltip-removed='Item has been removed from your &lt;a href=http://www.maccosmetics.co.uk/"/account/favorites/index.tmpl">Favourites</a>'
               data-default-fav='77309'>
              <i class="icon--heart-o"></i>
            </a>
</div>
            
            
            
            
            
            </header>
            
            <div class="product__images js-shade-trigger">
            
              <div class="product__images-inner carousel-wrapper">
            
            
                  <div class="product__image-medium ">
                    <div class="js-inv-status-2 product__inv-status-item temp-out-of-stock__text">Temp Out of Stock</div> 
                    <div class="js-inv-status-3 product__inv-status-item coming_soon-full_text">Coming soon</div>
                    <a class="product__image-medium-link js-product__link-to-spp" href="http://www.maccosmetics.co.uk/product/13837/46219/products/makeup/eyes/lash/50-small-cluster-lash-james-kaliardos">
             
                        <img class="product__sku-image--rendered--medium fade-non-shoppable-product" src="http://www.maccosmetics.co.uk/media/export/cms/products/280x320/mac_sku_S4EE01_280x320_0.jpg" alt="" title="#50 Small Cluster Lash / James Kaliardos" />
                    </a>
                  </div>
            
              </div>
            </div>
            
            
            <footer class="product__footer">
            
            
            
              
              
             
              <div class="product__size">  </div>
            
              <div class="product_content_fav_mobile ">
              <a class="product__add-to-faves add-to-favorites js-add-to-favorites"
                 
                 href="#"
                 data-product='{"prodid": "PROD46219", "sku": "", "SKU_BASE_ID": ""}'
                 data-tooltip-added='Added to &lt;a href=http://www.maccosmetics.co.uk/"/account/favorites/index.tmpl">Favourites</a>!'
                 data-tooltip-removed='Item has been removed from your &lt;a href=http://www.maccosmetics.co.uk/"/account/favorites/index.tmpl">Favourites</a>'
                 data-default-fav='77309'>
                <i class="icon--heart-o"></i>
              </a>
              <div class="product__price ">
                      
                        
                        <span class="product__price--standard">£11.50 </span>
              </div>
              <div class="product__price_ppu">
              <span class="product__price_ppu--inside"></span></div>
              
              
              <ul class="product__inventory-status js-inv-status-list temp-out-of-stock_notifyme-spacing" data-sku-base-id="">
                <li class="js-inv-status-2 product__inv-status-item temp-out-of-stock display__notify-me">
                                  <div class="notify-status js-add-button" >
                  <a href="#" class ="js-notify-me notify_me" data-sku-inv-status=""  data-sku-base-id="">Notify Me!</a>
                </div>

                  <div class="temp-out-of-stock__text">Temp Out of Stock</div>
                  <div class="temp-out-of-stock-short__text">Temp Out of Stock</div>
                </li>
                <li class="js-inv-status-3 product__inv-status-item coming-soon display__notify-me ">                <div class="notify-status js-add-button" >
                  <a href="#" class ="js-notify-me notify_me" data-sku-inv-status=""  data-sku-base-id="">Notify Me!</a>
                </div>
<div class="coming-soon_text">Coming soon</div></li>
                <li class="js-inv-status-5 product__inv-status-item inactive">Sorry, this item is inactive.</li>
                <li class="js-inv-status-7 product__inv-status-item sold-out btn">Sold Out</li>
              </ul>
              <a class="product__link-to-spp js-product__link-to-spp" href="http://www.maccosmetics.co.uk/product/13837/46219/products/makeup/eyes/lash/50-small-cluster-lash-james-kaliardos" data-product='{"prodid": "PROD46219", "sku": ""}'  >Shop <span id="sku_count"></span> Shades</a>
              <a class="product__link-custom js-product__link-to-spp" href="http://www.maccosmetics.co.uk/product/13837/46219/products/makeup/eyes/lash/50-small-cluster-lash-james-kaliardos" data-product='{"prodid": "PROD46219", "sku": ""}'></a>
              <a class="product__replenish hide-non-shoppable-product hide-non-orderable-product overlay-link" href="#" data-product='{"prodid": "PROD46219", "sku": ""}'></a>
            
            </footer>
          </div>
      
        </div>
      
      
      
      </div>
    </div>
    <div data-match-height="mpp-items" class="grid--mpp__item" style="height: 480px;" data-sku-target="SKU77310" data-sku-base-target="77310">
      <div class="product
        
        
        
        
         product--teaser
        
        
        
         product--sku-product
        
        
         product--defaultSku
        
        "
        id="product--prod_id-PROD46220"
        data-product='{"prodid":"PROD46220","sku":"SKU77310"}'
        data-product-id="PROD46220"
        
        
        
        >
        <div class="product__detail">
          <div class="product__sku-details" id="product-detail-attach">
            <header class="product__header">
              <div class="product_header_details">
                <a class="product__name-link js-product__link-to-spp" href="http://www.maccosmetics.co.uk/product/13845/46220/products/makeup/face/face-kits/full-face-kit-moons-of-saturn">
                    <h3 class="product__name">Full Face Kit: Moons Of Saturn</h3>
                    <h3 class="product__name product__name_short"></h3>
                </a>
            
                    <p class="product__description-short">Cream Colour Base/Sculpting Powder, Lighter Shades, Portable</p>
            
                  <div class="product__rating">
                    <span class="product__rating-non"></span></div>
                <div class="product__price">
                         
                          
                           <span class="product__price--standard">£35.00 </span>
                </div>
                <div class="product__faves--teaser product__faves--teaser_mobile">            <a class="product__add-to-faves add-to-favorites js-add-to-favorites"
               
               href="#"
               data-product='{"prodid": "PROD46220", "sku": "", "SKU_BASE_ID": ""}'
               data-tooltip-added='Added to &lt;a href=http://www.maccosmetics.co.uk/"/account/favorites/index.tmpl">Favourites</a>!'
               data-tooltip-removed='Item has been removed from your &lt;a href=http://www.maccosmetics.co.uk/"/account/favorites/index.tmpl">Favourites</a>'
               data-default-fav='77310'>
              <i class="icon--heart-o"></i>
            </a>
</div>
                <div class="product__price_set ">
                  <div class="product__price_ppu clear"><span class="product__size--ppu">9.5 g</span><span class="product__size--hiphen--ppu"> - </span>
                  <span class="product__price_ppu--inside">£36.84  / 10g</span></div>
                  
                </div>
                  <div class="product__faves--teaser">            <a class="product__add-to-faves add-to-favorites js-add-to-favorites"
               
               href="#"
               data-product='{"prodid": "PROD46220", "sku": "", "SKU_BASE_ID": ""}'
               data-tooltip-added='Added to &lt;a href=http://www.maccosmetics.co.uk/"/account/favorites/index.tmpl">Favourites</a>!'
               data-tooltip-removed='Item has been removed from your &lt;a href=http://www.maccosmetics.co.uk/"/account/favorites/index.tmpl">Favourites</a>'
               data-default-fav='77310'>
              <i class="icon--heart-o"></i>
            </a>
</div>
            
            
            
            
            
            </header>
            
            <div class="product__images js-shade-trigger">
            
              <div class="product__images-inner carousel-wrapper">
            
            
                  <div class="product__image-medium ">
                    <div class="js-inv-status-2 product__inv-status-item temp-out-of-stock__text">Temp Out of Stock</div> 
                    <div class="js-inv-status-3 product__inv-status-item coming_soon-full_text">Coming soon</div>
                    <a class="product__image-medium-link js-product__link-to-spp" href="http://www.maccosmetics.co.uk/product/13845/46220/products/makeup/face/face-kits/full-face-kit-moons-of-saturn">
             
                        <img class="product__sku-image--rendered--medium fade-non-shoppable-product" src="http://www.maccosmetics.co.uk/media/export/cms/products/280x320/mac_sku_S4LL01_280x320_0.jpg" alt="" title="Full Face Kit: Moons Of Saturn" />
                    </a>
                  </div>
            
              </div>
            </div>
            
            
            <footer class="product__footer">
            
            
            
              
              
             
              <div class="product__size"> 9.5 g </div>
            
              <div class="product_content_fav_mobile ">
              <a class="product__add-to-faves add-to-favorites js-add-to-favorites"
                 
                 href="#"
                 data-product='{"prodid": "PROD46220", "sku": "", "SKU_BASE_ID": ""}'
                 data-tooltip-added='Added to &lt;a href=http://www.maccosmetics.co.uk/"/account/favorites/index.tmpl">Favourites</a>!'
                 data-tooltip-removed='Item has been removed from your &lt;a href=http://www.maccosmetics.co.uk/"/account/favorites/index.tmpl">Favourites</a>'
                 data-default-fav='77310'>
                <i class="icon--heart-o"></i>
              </a>
              <div class="product__price ">
                      
                        
                        <span class="product__price--standard">£35.00 </span>
              </div>
              <div class="product__price_ppu"><span class="product__size--ppu">9.5 g</span><span class="product__size--hiphen--ppu"> - </span>
              <span class="product__price_ppu--inside">£36.84  / 10g</span></div>
              
              
              <ul class="product__inventory-status js-inv-status-list temp-out-of-stock_notifyme-spacing" data-sku-base-id="">
                <li class="js-inv-status-2 product__inv-status-item temp-out-of-stock display__notify-me">
                                  <div class="notify-status js-add-button" >
                  <a href="#" class ="js-notify-me notify_me" data-sku-inv-status=""  data-sku-base-id="">Notify Me!</a>
                </div>

                  <div class="temp-out-of-stock__text">Temp Out of Stock</div>
                  <div class="temp-out-of-stock-short__text">Temp Out of Stock</div>
                </li>
                <li class="js-inv-status-3 product__inv-status-item coming-soon display__notify-me ">                <div class="notify-status js-add-button" >
                  <a href="#" class ="js-notify-me notify_me" data-sku-inv-status=""  data-sku-base-id="">Notify Me!</a>
                </div>
<div class="coming-soon_text">Coming soon</div></li>
                <li class="js-inv-status-5 product__inv-status-item inactive">Sorry, this item is inactive.</li>
                <li class="js-inv-status-7 product__inv-status-item sold-out btn">Sold Out</li>
              </ul>
              <a class="product__link-to-spp js-product__link-to-spp" href="http://www.maccosmetics.co.uk/product/13845/46220/products/makeup/face/face-kits/full-face-kit-moons-of-saturn" data-product='{"prodid": "PROD46220", "sku": ""}'  >Shop <span id="sku_count"></span> Shades</a>
              <a class="product__link-custom js-product__link-to-spp" href="http://www.maccosmetics.co.uk/product/13845/46220/products/makeup/face/face-kits/full-face-kit-moons-of-saturn" data-product='{"prodid": "PROD46220", "sku": ""}'></a>
              <a class="product__replenish hide-non-shoppable-product hide-non-orderable-product overlay-link" href="#" data-product='{"prodid": "PROD46220", "sku": ""}'></a>
            
            </footer>
          </div>
      
        </div>
      
      
      
      </div>
    </div>
    <div data-match-height="mpp-items" class="grid--mpp__item" style="height: 480px;" data-sku-target="SKU77311" data-sku-base-target="77311">
      <div class="product
        
        
        
        
         product--teaser
        
        
        
         product--sku-product
        
        
         product--defaultSku
        
        "
        id="product--prod_id-PROD46221"
        data-product='{"prodid":"PROD46221","sku":"SKU77311"}'
        data-product-id="PROD46221"
        
        
        
        >
        <div class="product__detail">
          <div class="product__sku-details" id="product-detail-attach">
            <header class="product__header">
              <div class="product_header_details">
                <a class="product__name-link js-product__link-to-spp" href="http://www.maccosmetics.co.uk/product/13845/46221/products/makeup/face/face-kits/full-face-kit-moons-of-jupiter">
                    <h3 class="product__name">Full Face Kit: Moons Of Jupiter</h3>
                    <h3 class="product__name product__name_short"></h3>
                </a>
            
                    <p class="product__description-short">Cream Colour Base/Sculpting Powder, Darker Shades, Portable</p>
            
                  <div class="product__rating">
                    <span class="product__rating-non"></span></div>
                <div class="product__price">
                         
                          
                           <span class="product__price--standard">£35.00 </span>
                </div>
                <div class="product__faves--teaser product__faves--teaser_mobile">            <a class="product__add-to-faves add-to-favorites js-add-to-favorites"
               
               href="#"
               data-product='{"prodid": "PROD46221", "sku": "", "SKU_BASE_ID": ""}'
               data-tooltip-added='Added to &lt;a href=http://www.maccosmetics.co.uk/"/account/favorites/index.tmpl">Favourites</a>!'
               data-tooltip-removed='Item has been removed from your &lt;a href=http://www.maccosmetics.co.uk/"/account/favorites/index.tmpl">Favourites</a>'
               data-default-fav='77311'>
              <i class="icon--heart-o"></i>
            </a>
</div>
                <div class="product__price_set ">
                  <div class="product__price_ppu clear"><span class="product__size--ppu">9.5 g</span><span class="product__size--hiphen--ppu"> - </span>
                  <span class="product__price_ppu--inside">£36.84  / 10g</span></div>
                  
                </div>
                  <div class="product__faves--teaser">            <a class="product__add-to-faves add-to-favorites js-add-to-favorites"
               
               href="#"
               data-product='{"prodid": "PROD46221", "sku": "", "SKU_BASE_ID": ""}'
               data-tooltip-added='Added to &lt;a href=http://www.maccosmetics.co.uk/"/account/favorites/index.tmpl">Favourites</a>!'
               data-tooltip-removed='Item has been removed from your &lt;a href=http://www.maccosmetics.co.uk/"/account/favorites/index.tmpl">Favourites</a>'
               data-default-fav='77311'>
              <i class="icon--heart-o"></i>
            </a>
</div>
            
            
            
            
            
            </header>
            
            <div class="product__images js-shade-trigger">
            
              <div class="product__images-inner carousel-wrapper">
            
            
                  <div class="product__image-medium ">
                    <div class="js-inv-status-2 product__inv-status-item temp-out-of-stock__text">Temp Out of Stock</div> 
                    <div class="js-inv-status-3 product__inv-status-item coming_soon-full_text">Coming soon</div>
                    <a class="product__image-medium-link js-product__link-to-spp" href="http://www.maccosmetics.co.uk/product/13845/46221/products/makeup/face/face-kits/full-face-kit-moons-of-jupiter">
             
                        <img class="product__sku-image--rendered--medium fade-non-shoppable-product" src="http://www.maccosmetics.co.uk/media/export/cms/products/280x320/mac_sku_S4LL02_280x320_0.jpg" alt="" title="Full Face Kit: Moons Of Jupiter" />
                    </a>
                  </div>
            
              </div>
            </div>
            
            
            <footer class="product__footer">
            
            
            
              
              
             
              <div class="product__size"> 9.5 g </div>
            
              <div class="product_content_fav_mobile ">
              <a class="product__add-to-faves add-to-favorites js-add-to-favorites"
                 
                 href="#"
                 data-product='{"prodid": "PROD46221", "sku": "", "SKU_BASE_ID": ""}'
                 data-tooltip-added='Added to &lt;a href=http://www.maccosmetics.co.uk/"/account/favorites/index.tmpl">Favourites</a>!'
                 data-tooltip-removed='Item has been removed from your &lt;a href=http://www.maccosmetics.co.uk/"/account/favorites/index.tmpl">Favourites</a>'
                 data-default-fav='77311'>
                <i class="icon--heart-o"></i>
              </a>
              <div class="product__price ">
                      
                        
                        <span class="product__price--standard">£35.00 </span>
              </div>
              <div class="product__price_ppu"><span class="product__size--ppu">9.5 g</span><span class="product__size--hiphen--ppu"> - </span>
              <span class="product__price_ppu--inside">£36.84  / 10g</span></div>
              
              
              <ul class="product__inventory-status js-inv-status-list temp-out-of-stock_notifyme-spacing" data-sku-base-id="">
                <li class="js-inv-status-2 product__inv-status-item temp-out-of-stock display__notify-me">
                                  <div class="notify-status js-add-button" >
                  <a href="#" class ="js-notify-me notify_me" data-sku-inv-status=""  data-sku-base-id="">Notify Me!</a>
                </div>

                  <div class="temp-out-of-stock__text">Temp Out of Stock</div>
                  <div class="temp-out-of-stock-short__text">Temp Out of Stock</div>
                </li>
                <li class="js-inv-status-3 product__inv-status-item coming-soon display__notify-me ">                <div class="notify-status js-add-button" >
                  <a href="#" class ="js-notify-me notify_me" data-sku-inv-status=""  data-sku-base-id="">Notify Me!</a>
                </div>
<div class="coming-soon_text">Coming soon</div></li>
                <li class="js-inv-status-5 product__inv-status-item inactive">Sorry, this item is inactive.</li>
                <li class="js-inv-status-7 product__inv-status-item sold-out btn">Sold Out</li>
              </ul>
              <a class="product__link-to-spp js-product__link-to-spp" href="http://www.maccosmetics.co.uk/product/13845/46221/products/makeup/face/face-kits/full-face-kit-moons-of-jupiter" data-product='{"prodid": "PROD46221", "sku": ""}'  >Shop <span id="sku_count"></span> Shades</a>
              <a class="product__link-custom js-product__link-to-spp" href="http://www.maccosmetics.co.uk/product/13845/46221/products/makeup/face/face-kits/full-face-kit-moons-of-jupiter" data-product='{"prodid": "PROD46221", "sku": ""}'></a>
              <a class="product__replenish hide-non-shoppable-product hide-non-orderable-product overlay-link" href="#" data-product='{"prodid": "PROD46221", "sku": ""}'></a>
            
            </footer>
          </div>
      
        </div>
      
      
      
      </div>
    </div>
    <div data-match-height="mpp-items" class="grid--mpp__item" style="height: 480px;" data-sku-target="SKU58604" data-sku-base-target="58604">
      <div class="product
        
        
        
        
         product--teaser
        
        
        
         product--sku-product
        
        
         product--defaultSku
        
        "
        id="product--prod_id-PROD32724"
        data-product='{"prodid":"PROD32724","sku":"SKU58604"}'
        data-product-id="PROD32724"
        
        
        
        >
        <div class="product__detail">
          <div class="product__sku-details" id="product-detail-attach">
            <header class="product__header">
              <div class="product_header_details">
                <a class="product__name-link js-product__link-to-spp" href="http://www.maccosmetics.co.uk/product/13811/32724/products/brushes-tools/tools/applicators/lash-applicator">
                    <h3 class="product__name">Lash Applicator</h3>
                    <h3 class="product__name product__name_short"></h3>
                </a>
            
                    <p class="product__description-short">For False Lashes, Precise, Convenient</p>
            
                  <div class="product__rating">
                    <span class="product__rating-non"></span></div>
                <div class="product__price">
                         
                          
                           <span class="product__price--standard">£16.00 </span>
                </div>
                <div class="product__faves--teaser product__faves--teaser_mobile">            <a class="product__add-to-faves add-to-favorites js-add-to-favorites"
               
               href="#"
               data-product='{"prodid": "PROD32724", "sku": "", "SKU_BASE_ID": ""}'
               data-tooltip-added='Added to &lt;a href=http://www.maccosmetics.co.uk/"/account/favorites/index.tmpl">Favourites</a>!'
               data-tooltip-removed='Item has been removed from your &lt;a href=http://www.maccosmetics.co.uk/"/account/favorites/index.tmpl">Favourites</a>'
               data-default-fav='58604'>
              <i class="icon--heart-o"></i>
            </a>
</div>
                <div class="product__price_set ">
                  <div class="product__price_ppu clear">
                  <span class="product__price_ppu--inside"></span></div>
                  
                </div>
                  <div class="product__faves--teaser">            <a class="product__add-to-faves add-to-favorites js-add-to-favorites"
               
               href="#"
               data-product='{"prodid": "PROD32724", "sku": "", "SKU_BASE_ID": ""}'
               data-tooltip-added='Added to &lt;a href=http://www.maccosmetics.co.uk/"/account/favorites/index.tmpl">Favourites</a>!'
               data-tooltip-removed='Item has been removed from your &lt;a href=http://www.maccosmetics.co.uk/"/account/favorites/index.tmpl">Favourites</a>'
               data-default-fav='58604'>
              <i class="icon--heart-o"></i>
            </a>
</div>
            
            
            
            
            
            </header>
            
            <div class="product__images js-shade-trigger">
            
              <div class="product__images-inner carousel-wrapper">
            
            
                  <div class="product__image-medium ">
                    <div class="js-inv-status-2 product__inv-status-item temp-out-of-stock__text">Temp Out of Stock</div> 
                    <div class="js-inv-status-3 product__inv-status-item coming_soon-full_text">Coming soon</div>
                    <a class="product__image-medium-link js-product__link-to-spp" href="http://www.maccosmetics.co.uk/product/13811/32724/products/brushes-tools/tools/applicators/lash-applicator">
             
                        <img class="product__sku-image--rendered--medium fade-non-shoppable-product" src="http://www.maccosmetics.co.uk/media/export/cms/products/280x320/mac_sku_MRNG01_280x320_0.jpg" alt="" title="Lash Applicator" />
                    </a>
                  </div>
            
              </div>
            </div>
            
            
            <footer class="product__footer">
            
            
            
              
              
             
              <div class="product__size">  </div>
            
              <div class="product_content_fav_mobile ">
              <a class="product__add-to-faves add-to-favorites js-add-to-favorites"
                 
                 href="#"
                 data-product='{"prodid": "PROD32724", "sku": "", "SKU_BASE_ID": ""}'
                 data-tooltip-added='Added to &lt;a href=http://www.maccosmetics.co.uk/"/account/favorites/index.tmpl">Favourites</a>!'
                 data-tooltip-removed='Item has been removed from your &lt;a href=http://www.maccosmetics.co.uk/"/account/favorites/index.tmpl">Favourites</a>'
                 data-default-fav='58604'>
                <i class="icon--heart-o"></i>
              </a>
              <div class="product__price ">
                      
                        
                        <span class="product__price--standard">£16.00 </span>
              </div>
              <div class="product__price_ppu">
              <span class="product__price_ppu--inside"></span></div>
              
              
              <ul class="product__inventory-status js-inv-status-list temp-out-of-stock_notifyme-spacing" data-sku-base-id="">
                <li class="js-inv-status-2 product__inv-status-item temp-out-of-stock display__notify-me">
                                  <div class="notify-status js-add-button" >
                  <a href="#" class ="js-notify-me notify_me" data-sku-inv-status=""  data-sku-base-id="">Notify Me!</a>
                </div>

                  <div class="temp-out-of-stock__text">Temp Out of Stock</div>
                  <div class="temp-out-of-stock-short__text">Temp Out of Stock</div>
                </li>
                <li class="js-inv-status-3 product__inv-status-item coming-soon display__notify-me ">                <div class="notify-status js-add-button" >
                  <a href="#" class ="js-notify-me notify_me" data-sku-inv-status=""  data-sku-base-id="">Notify Me!</a>
                </div>
<div class="coming-soon_text">Coming soon</div></li>
                <li class="js-inv-status-5 product__inv-status-item inactive">Sorry, this item is inactive.</li>
                <li class="js-inv-status-7 product__inv-status-item sold-out btn">Sold Out</li>
              </ul>
              <a class="product__link-to-spp js-product__link-to-spp" href="http://www.maccosmetics.co.uk/product/13811/32724/products/brushes-tools/tools/applicators/lash-applicator" data-product='{"prodid": "PROD32724", "sku": ""}'  >Shop <span id="sku_count"></span> Shades</a>
              <a class="product__link-custom js-product__link-to-spp" href="http://www.maccosmetics.co.uk/product/13811/32724/products/brushes-tools/tools/applicators/lash-applicator" data-product='{"prodid": "PROD32724", "sku": ""}'></a>
              <a class="product__replenish hide-non-shoppable-product hide-non-orderable-product overlay-link" href="#" data-product='{"prodid": "PROD32724", "sku": ""}'></a>
            
            </footer>
          </div>
      
        </div>
      
      
      
      </div>
    </div>
    <div data-match-height="mpp-items" class="grid--mpp__item" style="height: 480px;" data-sku-target="SKU77312" data-sku-base-target="77312">
      <div class="product
        
        
        
        
         product--teaser
        
        
        
         product--sku-product
        
        
         product--defaultSku
        
        "
        id="product--prod_id-PROD46222"
        data-product='{"prodid":"PROD46222","sku":"SKU77312"}'
        data-product-id="PROD46222"
        
        
        
        >
        <div class="product__detail">
          <div class="product__sku-details" id="product-detail-attach">
            <header class="product__header">
              <div class="product_header_details">
                <a class="product__name-link js-product__link-to-spp" href="http://www.maccosmetics.co.uk/product/13802/46222/products/brushes-tools/brushes/all-brushes/246se-synthetic-fluffy-eye-brush-james-kaliardos">
                    <h3 class="product__name">246SE Synthetic Fluffy Eye Brush / James Kaliardos</h3>
                    <h3 class="product__name product__name_short"></h3>
                </a>
            
                    <p class="product__description-short">For Powders/Creams, Fluffy Round Shape, Special Edition</p>
            
                  <div class="product__rating">
                    <span class="product__rating-non"></span></div>
                <div class="product__price">
                         
                          
                           <span class="product__price--standard">£20.00 </span>
                </div>
                <div class="product__faves--teaser product__faves--teaser_mobile">            <a class="product__add-to-faves add-to-favorites js-add-to-favorites"
               
               href="#"
               data-product='{"prodid": "PROD46222", "sku": "", "SKU_BASE_ID": ""}'
               data-tooltip-added='Added to &lt;a href=http://www.maccosmetics.co.uk/"/account/favorites/index.tmpl">Favourites</a>!'
               data-tooltip-removed='Item has been removed from your &lt;a href=http://www.maccosmetics.co.uk/"/account/favorites/index.tmpl">Favourites</a>'
               data-default-fav='77312'>
              <i class="icon--heart-o"></i>
            </a>
</div>
                <div class="product__price_set ">
                  <div class="product__price_ppu clear">
                  <span class="product__price_ppu--inside"></span></div>
                  
                </div>
                  <div class="product__faves--teaser">            <a class="product__add-to-faves add-to-favorites js-add-to-favorites"
               
               href="#"
               data-product='{"prodid": "PROD46222", "sku": "", "SKU_BASE_ID": ""}'
               data-tooltip-added='Added to &lt;a href=http://www.maccosmetics.co.uk/"/account/favorites/index.tmpl">Favourites</a>!'
               data-tooltip-removed='Item has been removed from your &lt;a href=http://www.maccosmetics.co.uk/"/account/favorites/index.tmpl">Favourites</a>'
               data-default-fav='77312'>
              <i class="icon--heart-o"></i>
            </a>
</div>
            
            
            
            
            
            </header>
            
            <div class="product__images js-shade-trigger">
            
              <div class="product__images-inner carousel-wrapper">
            
            
                  <div class="product__image-medium ">
                    <div class="js-inv-status-2 product__inv-status-item temp-out-of-stock__text">Temp Out of Stock</div> 
                    <div class="js-inv-status-3 product__inv-status-item coming_soon-full_text">Coming soon</div>
                    <a class="product__image-medium-link js-product__link-to-spp" href="http://www.maccosmetics.co.uk/product/13802/46222/products/brushes-tools/brushes/all-brushes/246se-synthetic-fluffy-eye-brush-james-kaliardos">
             
                        <img class="product__sku-image--rendered--medium fade-non-shoppable-product" src="http://www.maccosmetics.co.uk/media/export/cms/products/280x320/mac_sku_S4E901_280x320_0.jpg" alt="" title="246SE Synthetic Fluffy Eye Brush / James Kaliardos" />
                    </a>
                  </div>
            
              </div>
            </div>
            
            
            <footer class="product__footer">
            
            
            
              
              
             
              <div class="product__size">  </div>
            
              <div class="product_content_fav_mobile ">
              <a class="product__add-to-faves add-to-favorites js-add-to-favorites"
                 
                 href="#"
                 data-product='{"prodid": "PROD46222", "sku": "", "SKU_BASE_ID": ""}'
                 data-tooltip-added='Added to &lt;a href=http://www.maccosmetics.co.uk/"/account/favorites/index.tmpl">Favourites</a>!'
                 data-tooltip-removed='Item has been removed from your &lt;a href=http://www.maccosmetics.co.uk/"/account/favorites/index.tmpl">Favourites</a>'
                 data-default-fav='77312'>
                <i class="icon--heart-o"></i>
              </a>
              <div class="product__price ">
                      
                        
                        <span class="product__price--standard">£20.00 </span>
              </div>
              <div class="product__price_ppu">
              <span class="product__price_ppu--inside"></span></div>
              
              
              <ul class="product__inventory-status js-inv-status-list temp-out-of-stock_notifyme-spacing" data-sku-base-id="">
                <li class="js-inv-status-2 product__inv-status-item temp-out-of-stock display__notify-me">
                                  <div class="notify-status js-add-button" >
                  <a href="#" class ="js-notify-me notify_me" data-sku-inv-status=""  data-sku-base-id="">Notify Me!</a>
                </div>

                  <div class="temp-out-of-stock__text">Temp Out of Stock</div>
                  <div class="temp-out-of-stock-short__text">Temp Out of Stock</div>
                </li>
                <li class="js-inv-status-3 product__inv-status-item coming-soon display__notify-me ">                <div class="notify-status js-add-button" >
                  <a href="#" class ="js-notify-me notify_me" data-sku-inv-status=""  data-sku-base-id="">Notify Me!</a>
                </div>
<div class="coming-soon_text">Coming soon</div></li>
                <li class="js-inv-status-5 product__inv-status-item inactive">Sorry, this item is inactive.</li>
                <li class="js-inv-status-7 product__inv-status-item sold-out btn">Sold Out</li>
              </ul>
              <a class="product__link-to-spp js-product__link-to-spp" href="http://www.maccosmetics.co.uk/product/13802/46222/products/brushes-tools/brushes/all-brushes/246se-synthetic-fluffy-eye-brush-james-kaliardos" data-product='{"prodid": "PROD46222", "sku": ""}'  >Shop <span id="sku_count"></span> Shades</a>
              <a class="product__link-custom js-product__link-to-spp" href="http://www.maccosmetics.co.uk/product/13802/46222/products/brushes-tools/brushes/all-brushes/246se-synthetic-fluffy-eye-brush-james-kaliardos" data-product='{"prodid": "PROD46222", "sku": ""}'></a>
              <a class="product__replenish hide-non-shoppable-product hide-non-orderable-product overlay-link" href="#" data-product='{"prodid": "PROD46222", "sku": ""}'></a>
            
            </footer>
          </div>
      
        </div>
      
      
      
      </div>
    </div>
    <div data-match-height="mpp-items" class="grid--mpp__item" style="height: 480px;" data-sku-target="SKU77313" data-sku-base-target="77313">
      <div class="product
        
        
        
        
         product--teaser
        
        
        
         product--sku-product
        
        
         product--defaultSku
        
        "
        id="product--prod_id-PROD46223"
        data-product='{"prodid":"PROD46223","sku":"SKU77313"}'
        data-product-id="PROD46223"
        
        
        
        >
        <div class="product__detail">
          <div class="product__sku-details" id="product-detail-attach">
            <header class="product__header">
              <div class="product_header_details">
                <a class="product__name-link js-product__link-to-spp" href="http://www.maccosmetics.co.uk/product/13802/46223/products/brushes-tools/brushes/all-brushes/178se-duo-fibre-angled-face-brush-james-kaliardos">
                    <h3 class="product__name">178SE Duo Fibre Angled Face Brush / James Kaliardos</h3>
                    <h3 class="product__name product__name_short"></h3>
                </a>
            
                    <p class="product__description-short">For Powders/Creams, Slanted Tip, Special Edition</p>
            
                  <div class="product__rating">
                    <span class="product__rating-non"></span></div>
                <div class="product__price">
                         
                          
                           <span class="product__price--standard">£38.00 </span>
                </div>
                <div class="product__faves--teaser product__faves--teaser_mobile">            <a class="product__add-to-faves add-to-favorites js-add-to-favorites"
               
               href="#"
               data-product='{"prodid": "PROD46223", "sku": "", "SKU_BASE_ID": ""}'
               data-tooltip-added='Added to &lt;a href=http://www.maccosmetics.co.uk/"/account/favorites/index.tmpl">Favourites</a>!'
               data-tooltip-removed='Item has been removed from your &lt;a href=http://www.maccosmetics.co.uk/"/account/favorites/index.tmpl">Favourites</a>'
               data-default-fav='77313'>
              <i class="icon--heart-o"></i>
            </a>
</div>
                <div class="product__price_set ">
                  <div class="product__price_ppu clear">
                  <span class="product__price_ppu--inside"></span></div>
                  
                </div>
                  <div class="product__faves--teaser">            <a class="product__add-to-faves add-to-favorites js-add-to-favorites"
               
               href="#"
               data-product='{"prodid": "PROD46223", "sku": "", "SKU_BASE_ID": ""}'
               data-tooltip-added='Added to &lt;a href=http://www.maccosmetics.co.uk/"/account/favorites/index.tmpl">Favourites</a>!'
               data-tooltip-removed='Item has been removed from your &lt;a href=http://www.maccosmetics.co.uk/"/account/favorites/index.tmpl">Favourites</a>'
               data-default-fav='77313'>
              <i class="icon--heart-o"></i>
            </a>
</div>
            
            
            
            
            
            </header>
            
            <div class="product__images js-shade-trigger">
            
              <div class="product__images-inner carousel-wrapper">
            
            
                  <div class="product__image-medium ">
                    <div class="js-inv-status-2 product__inv-status-item temp-out-of-stock__text">Temp Out of Stock</div> 
                    <div class="js-inv-status-3 product__inv-status-item coming_soon-full_text">Coming soon</div>
                    <a class="product__image-medium-link js-product__link-to-spp" href="http://www.maccosmetics.co.uk/product/13802/46223/products/brushes-tools/brushes/all-brushes/178se-duo-fibre-angled-face-brush-james-kaliardos">
             
                        <img class="product__sku-image--rendered--medium fade-non-shoppable-product" src="http://www.maccosmetics.co.uk/media/export/cms/products/280x320/mac_sku_S4EA01_280x320_0.jpg" alt="" title="178SE Duo Fibre Angled Face Brush / James Kaliardos" />
                    </a>
                  </div>
            
              </div>
            </div>
            
            
            <footer class="product__footer">
            
            
            
              
              
             
              <div class="product__size">  </div>
            
              <div class="product_content_fav_mobile ">
              <a class="product__add-to-faves add-to-favorites js-add-to-favorites"
                 
                 href="#"
                 data-product='{"prodid": "PROD46223", "sku": "", "SKU_BASE_ID": ""}'
                 data-tooltip-added='Added to &lt;a href=http://www.maccosmetics.co.uk/"/account/favorites/index.tmpl">Favourites</a>!'
                 data-tooltip-removed='Item has been removed from your &lt;a href=http://www.maccosmetics.co.uk/"/account/favorites/index.tmpl">Favourites</a>'
                 data-default-fav='77313'>
                <i class="icon--heart-o"></i>
              </a>
              <div class="product__price ">
                      
                        
                        <span class="product__price--standard">£38.00 </span>
              </div>
              <div class="product__price_ppu">
              <span class="product__price_ppu--inside"></span></div>
              
              
              <ul class="product__inventory-status js-inv-status-list temp-out-of-stock_notifyme-spacing" data-sku-base-id="">
                <li class="js-inv-status-2 product__inv-status-item temp-out-of-stock display__notify-me">
                                  <div class="notify-status js-add-button" >
                  <a href="#" class ="js-notify-me notify_me" data-sku-inv-status=""  data-sku-base-id="">Notify Me!</a>
                </div>

                  <div class="temp-out-of-stock__text">Temp Out of Stock</div>
                  <div class="temp-out-of-stock-short__text">Temp Out of Stock</div>
                </li>
                <li class="js-inv-status-3 product__inv-status-item coming-soon display__notify-me ">                <div class="notify-status js-add-button" >
                  <a href="#" class ="js-notify-me notify_me" data-sku-inv-status=""  data-sku-base-id="">Notify Me!</a>
                </div>
<div class="coming-soon_text">Coming soon</div></li>
                <li class="js-inv-status-5 product__inv-status-item inactive">Sorry, this item is inactive.</li>
                <li class="js-inv-status-7 product__inv-status-item sold-out btn">Sold Out</li>
              </ul>
              <a class="product__link-to-spp js-product__link-to-spp" href="http://www.maccosmetics.co.uk/product/13802/46223/products/brushes-tools/brushes/all-brushes/178se-duo-fibre-angled-face-brush-james-kaliardos" data-product='{"prodid": "PROD46223", "sku": ""}'  >Shop <span id="sku_count"></span> Shades</a>
              <a class="product__link-custom js-product__link-to-spp" href="http://www.maccosmetics.co.uk/product/13802/46223/products/brushes-tools/brushes/all-brushes/178se-duo-fibre-angled-face-brush-james-kaliardos" data-product='{"prodid": "PROD46223", "sku": ""}'></a>
              <a class="product__replenish hide-non-shoppable-product hide-non-orderable-product overlay-link" href="#" data-product='{"prodid": "PROD46223", "sku": ""}'></a>
            
            </footer>
          </div>
      
        </div>
      
      
      
      </div>
    </div>
  </div>
</section>

      <div class="basic-nodeblock-reference-v1 ">
    <div id="node-70838" class="node node-elc-nodeblock no-sidebars clearfix" role="article" trackname="Video Collection - Make-Up Art Cosmetics James Kaliardos|Video Collection - Make-Up Art Cosmetics James Kaliardos|global">
  <div class="content">
    
  <div class="collection-video-player-v1 collection-video-player-wrapper collection-content-block-v1 responsive-container">
  <div class="collection-video-player js-collection-video-player">
    <div class="collection-video-player__content js-invert-close" data-thumbnail-image="/media/export/cms/collections/makeupartcosmetics/makeupartcosmetics_jkaliardos_video.jpg" data-video-provider="youtube" data-youtube-id="hIj4SwDA7UE?rel=0&amp;amp;showinfo=0">
      <div class="collection-video-player__media">
        <div class="collection-video-player__media--inner-wrap js-play">
            <img src="http://www.maccosmetics.co.uk/media/export/cms/collections/makeupartcosmetics/makeupartcosmetics_jkaliardos_video.jpg" class="collection-video-player__image" alt="" />

          <div class="text">
            
            
            <div class="teaser">  </div>

          </div>

        </div>
      </div>
    </div>
  </div>
  <div class="clearfix"></div>

</div>
  </div>
</div>


  </div>

    <section class="mpp-custom-product-layout-v1 mpp-custom responsive-container expando-block expando-block--expanded ">
  <a class="mpp-custom__anchor" name="kabukimagic" id="kabukimagic"></a>
  <header class="mpp-custom__header clearfix">
    <h4 class="align-center mobile_hidden">Kabuki</h4>
    <div class="expando-block__title js-expando-block-trigger"><span>Kabuki</span><i class="icon--arrow--right expando-block__icon"></i></div>
  </header>

  <div class="grid--mpp expando-block__content">
  
    <div data-match-height="mpp-items" class="grid--mpp__item" style="height: 480px;" data-sku-target="SKU77363" data-sku-base-target="77363">
      <div class="product
        
        
        
        
         product--teaser
        
        
        
         product--sku-product
        
        
         product--defaultSku
        
        "
        id="product--prod_id-PROD46266"
        data-product='{"prodid":"PROD46266","sku":"SKU77363"}'
        data-product-id="PROD46266"
        
        
        
        >
        <div class="product__detail">
          <div class="product__sku-details" id="product-detail-attach">
            <header class="product__header">
              <div class="product_header_details">
                <a class="product__name-link js-product__link-to-spp" href="http://www.maccosmetics.co.uk/product/13835/46266/products/makeup/eyes/eye-palettes-kits/dazzleshadow-x-4-the-shining-hour">
                    <h3 class="product__name">Dazzleshadow X 4: The Shining Hour</h3>
                    <h3 class="product__name product__name_short"></h3>
                </a>
            
                    <p class="product__description-short">4 Dazzleshadows, Portable, Limited Edition</p>
            
                  <div class="product__rating">
                    <span class="product__rating-non"></span></div>
                <div class="product__price">
                         
                          
                           <span class="product__price--standard">£25.00 </span>
                </div>
                <div class="product__faves--teaser product__faves--teaser_mobile">            <a class="product__add-to-faves add-to-favorites js-add-to-favorites"
               
               href="#"
               data-product='{"prodid": "PROD46266", "sku": "", "SKU_BASE_ID": ""}'
               data-tooltip-added='Added to &lt;a href=http://www.maccosmetics.co.uk/"/account/favorites/index.tmpl">Favourites</a>!'
               data-tooltip-removed='Item has been removed from your &lt;a href=http://www.maccosmetics.co.uk/"/account/favorites/index.tmpl">Favourites</a>'
               data-default-fav='77363'>
              <i class="icon--heart-o"></i>
            </a>
</div>
                <div class="product__price_set ">
                  <div class="product__price_ppu clear"><span class="product__size--ppu">5.6 g</span><span class="product__size--hiphen--ppu"> - </span>
                  <span class="product__price_ppu--inside">£44.64  / 10g</span></div>
                  
                </div>
                  <div class="product__faves--teaser">            <a class="product__add-to-faves add-to-favorites js-add-to-favorites"
               
               href="#"
               data-product='{"prodid": "PROD46266", "sku": "", "SKU_BASE_ID": ""}'
               data-tooltip-added='Added to &lt;a href=http://www.maccosmetics.co.uk/"/account/favorites/index.tmpl">Favourites</a>!'
               data-tooltip-removed='Item has been removed from your &lt;a href=http://www.maccosmetics.co.uk/"/account/favorites/index.tmpl">Favourites</a>'
               data-default-fav='77363'>
              <i class="icon--heart-o"></i>
            </a>
</div>
            
            
            
            
            
            </header>
            
            <div class="product__images js-shade-trigger">
            
              <div class="product__images-inner carousel-wrapper">
            
            
                  <div class="product__image-medium ">
                    <div class="js-inv-status-2 product__inv-status-item temp-out-of-stock__text">Temp Out of Stock</div> 
                    <div class="js-inv-status-3 product__inv-status-item coming_soon-full_text">Coming soon</div>
                    <a class="product__image-medium-link js-product__link-to-spp" href="http://www.maccosmetics.co.uk/product/13835/46266/products/makeup/eyes/eye-palettes-kits/dazzleshadow-x-4-the-shining-hour">
             
                        <img class="product__sku-image--rendered--medium fade-non-shoppable-product" src="http://www.maccosmetics.co.uk/media/export/cms/products/280x320/mac_sku_S4GJ01_280x320_0.jpg" alt="" title="Dazzleshadow X 4: The Shining Hour" />
                    </a>
                  </div>
            
              </div>
            </div>
            
            
            <footer class="product__footer">
            
            
            
              
              
             
              <div class="product__size"> 5.6 g </div>
            
              <div class="product_content_fav_mobile ">
              <a class="product__add-to-faves add-to-favorites js-add-to-favorites"
                 
                 href="#"
                 data-product='{"prodid": "PROD46266", "sku": "", "SKU_BASE_ID": ""}'
                 data-tooltip-added='Added to &lt;a href=http://www.maccosmetics.co.uk/"/account/favorites/index.tmpl">Favourites</a>!'
                 data-tooltip-removed='Item has been removed from your &lt;a href=http://www.maccosmetics.co.uk/"/account/favorites/index.tmpl">Favourites</a>'
                 data-default-fav='77363'>
                <i class="icon--heart-o"></i>
              </a>
              <div class="product__price ">
                      
                        
                        <span class="product__price--standard">£25.00 </span>
              </div>
              <div class="product__price_ppu"><span class="product__size--ppu">5.6 g</span><span class="product__size--hiphen--ppu"> - </span>
              <span class="product__price_ppu--inside">£44.64  / 10g</span></div>
              
              
              <ul class="product__inventory-status js-inv-status-list temp-out-of-stock_notifyme-spacing" data-sku-base-id="">
                <li class="js-inv-status-2 product__inv-status-item temp-out-of-stock display__notify-me">
                                  <div class="notify-status js-add-button" >
                  <a href="#" class ="js-notify-me notify_me" data-sku-inv-status=""  data-sku-base-id="">Notify Me!</a>
                </div>

                  <div class="temp-out-of-stock__text">Temp Out of Stock</div>
                  <div class="temp-out-of-stock-short__text">Temp Out of Stock</div>
                </li>
                <li class="js-inv-status-3 product__inv-status-item coming-soon display__notify-me ">                <div class="notify-status js-add-button" >
                  <a href="#" class ="js-notify-me notify_me" data-sku-inv-status=""  data-sku-base-id="">Notify Me!</a>
                </div>
<div class="coming-soon_text">Coming soon</div></li>
                <li class="js-inv-status-5 product__inv-status-item inactive">Sorry, this item is inactive.</li>
                <li class="js-inv-status-7 product__inv-status-item sold-out btn">Sold Out</li>
              </ul>
              <a class="product__link-to-spp js-product__link-to-spp" href="http://www.maccosmetics.co.uk/product/13835/46266/products/makeup/eyes/eye-palettes-kits/dazzleshadow-x-4-the-shining-hour" data-product='{"prodid": "PROD46266", "sku": ""}'  >Shop <span id="sku_count"></span> Shades</a>
              <a class="product__link-custom js-product__link-to-spp" href="http://www.maccosmetics.co.uk/product/13835/46266/products/makeup/eyes/eye-palettes-kits/dazzleshadow-x-4-the-shining-hour" data-product='{"prodid": "PROD46266", "sku": ""}'></a>
              <a class="product__replenish hide-non-shoppable-product hide-non-orderable-product overlay-link" href="#" data-product='{"prodid": "PROD46266", "sku": ""}'></a>
            
            </footer>
          </div>
      
        </div>
      
      
      
      </div>
    </div>
    <div data-match-height="mpp-items" class="grid--mpp__item" style="height: 480px;" data-sku-target="SKU77364" data-sku-base-target="77364">
      <div class="product
        
        
        
        
         product--teaser
        
        
        
         product--sku-product
        
        
         product--defaultSku
        
        "
        id="product--prod_id-PROD46267"
        data-product='{"prodid":"PROD46267","sku":"SKU77364"}'
        data-product-id="PROD46267"
        
        
        
        >
        <div class="product__detail">
          <div class="product__sku-details" id="product-detail-attach">
            <header class="product__header">
              <div class="product_header_details">
                <a class="product__name-link js-product__link-to-spp" href="http://www.maccosmetics.co.uk/product/13835/46267/products/makeup/eyes/eye-palettes-kits/eye-shadow-x-4-the-best-of-everything">
                    <h3 class="product__name">Eye Shadow X 4: The Best Of Everything</h3>
                    <h3 class="product__name product__name_short"></h3>
                </a>
            
                    <p class="product__description-short">Neutral Shades, Portable, Limited Edition</p>
            
                  <div class="product__rating">
                    <span class="product__rating-non"></span></div>
                <div class="product__price">
                         
                          
                           <span class="product__price--standard">£25.00 </span>
                </div>
                <div class="product__faves--teaser product__faves--teaser_mobile">            <a class="product__add-to-faves add-to-favorites js-add-to-favorites"
               
               href="#"
               data-product='{"prodid": "PROD46267", "sku": "", "SKU_BASE_ID": ""}'
               data-tooltip-added='Added to &lt;a href=http://www.maccosmetics.co.uk/"/account/favorites/index.tmpl">Favourites</a>!'
               data-tooltip-removed='Item has been removed from your &lt;a href=http://www.maccosmetics.co.uk/"/account/favorites/index.tmpl">Favourites</a>'
               data-default-fav='77364'>
              <i class="icon--heart-o"></i>
            </a>
</div>
                <div class="product__price_set ">
                  <div class="product__price_ppu clear"><span class="product__size--ppu">5.6 g</span><span class="product__size--hiphen--ppu"> - </span>
                  <span class="product__price_ppu--inside">£44.64  / 10g</span></div>
                  
                </div>
                  <div class="product__faves--teaser">            <a class="product__add-to-faves add-to-favorites js-add-to-favorites"
               
               href="#"
               data-product='{"prodid": "PROD46267", "sku": "", "SKU_BASE_ID": ""}'
               data-tooltip-added='Added to &lt;a href=http://www.maccosmetics.co.uk/"/account/favorites/index.tmpl">Favourites</a>!'
               data-tooltip-removed='Item has been removed from your &lt;a href=http://www.maccosmetics.co.uk/"/account/favorites/index.tmpl">Favourites</a>'
               data-default-fav='77364'>
              <i class="icon--heart-o"></i>
            </a>
</div>
            
            
            
            
            
            </header>
            
            <div class="product__images js-shade-trigger">
            
              <div class="product__images-inner carousel-wrapper">
            
            
                  <div class="product__image-medium ">
                    <div class="js-inv-status-2 product__inv-status-item temp-out-of-stock__text">Temp Out of Stock</div> 
                    <div class="js-inv-status-3 product__inv-status-item coming_soon-full_text">Coming soon</div>
                    <a class="product__image-medium-link js-product__link-to-spp" href="http://www.maccosmetics.co.uk/product/13835/46267/products/makeup/eyes/eye-palettes-kits/eye-shadow-x-4-the-best-of-everything">
             
                        <img class="product__sku-image--rendered--medium fade-non-shoppable-product" src="http://www.maccosmetics.co.uk/media/export/cms/products/280x320/mac_sku_S4GK01_280x320_0.jpg" alt="" title="Eye Shadow X 4: The Best Of Everything" />
                    </a>
                  </div>
            
              </div>
            </div>
            
            
            <footer class="product__footer">
            
            
            
              
              
             
              <div class="product__size"> 5.6 g </div>
            
              <div class="product_content_fav_mobile ">
              <a class="product__add-to-faves add-to-favorites js-add-to-favorites"
                 
                 href="#"
                 data-product='{"prodid": "PROD46267", "sku": "", "SKU_BASE_ID": ""}'
                 data-tooltip-added='Added to &lt;a href=http://www.maccosmetics.co.uk/"/account/favorites/index.tmpl">Favourites</a>!'
                 data-tooltip-removed='Item has been removed from your &lt;a href=http://www.maccosmetics.co.uk/"/account/favorites/index.tmpl">Favourites</a>'
                 data-default-fav='77364'>
                <i class="icon--heart-o"></i>
              </a>
              <div class="product__price ">
                      
                        
                        <span class="product__price--standard">£25.00 </span>
              </div>
              <div class="product__price_ppu"><span class="product__size--ppu">5.6 g</span><span class="product__size--hiphen--ppu"> - </span>
              <span class="product__price_ppu--inside">£44.64  / 10g</span></div>
              
              
              <ul class="product__inventory-status js-inv-status-list temp-out-of-stock_notifyme-spacing" data-sku-base-id="">
                <li class="js-inv-status-2 product__inv-status-item temp-out-of-stock display__notify-me">
                                  <div class="notify-status js-add-button" >
                  <a href="#" class ="js-notify-me notify_me" data-sku-inv-status=""  data-sku-base-id="">Notify Me!</a>
                </div>

                  <div class="temp-out-of-stock__text">Temp Out of Stock</div>
                  <div class="temp-out-of-stock-short__text">Temp Out of Stock</div>
                </li>
                <li class="js-inv-status-3 product__inv-status-item coming-soon display__notify-me ">                <div class="notify-status js-add-button" >
                  <a href="#" class ="js-notify-me notify_me" data-sku-inv-status=""  data-sku-base-id="">Notify Me!</a>
                </div>
<div class="coming-soon_text">Coming soon</div></li>
                <li class="js-inv-status-5 product__inv-status-item inactive">Sorry, this item is inactive.</li>
                <li class="js-inv-status-7 product__inv-status-item sold-out btn">Sold Out</li>
              </ul>
              <a class="product__link-to-spp js-product__link-to-spp" href="http://www.maccosmetics.co.uk/product/13835/46267/products/makeup/eyes/eye-palettes-kits/eye-shadow-x-4-the-best-of-everything" data-product='{"prodid": "PROD46267", "sku": ""}'  >Shop <span id="sku_count"></span> Shades</a>
              <a class="product__link-custom js-product__link-to-spp" href="http://www.maccosmetics.co.uk/product/13835/46267/products/makeup/eyes/eye-palettes-kits/eye-shadow-x-4-the-best-of-everything" data-product='{"prodid": "PROD46267", "sku": ""}'></a>
              <a class="product__replenish hide-non-shoppable-product hide-non-orderable-product overlay-link" href="#" data-product='{"prodid": "PROD46267", "sku": ""}'></a>
            
            </footer>
          </div>
      
        </div>
      
      
      
      </div>
    </div>
    <div data-match-height="mpp-items" class="grid--mpp__item" style="height: 480px;" data-sku-target="SKU77366" data-sku-base-target="77366">
      <div class="product
        
        
        
        
         product--teaser
         product--shaded
        
        
         product--sku-product
        
        
         product--defaultSku
        
        "
        id="product--prod_id-PROD46268"
        data-product='{"prodid":"PROD46268","sku":"SKU77366"}'
        data-product-id="PROD46268"
        
        
        
        >
        <div class="product__detail">
          <div class="product__sku-details" id="product-detail-attach">
            <header class="product__header">
              <div class="product_header_details">
                <a class="product__name-link js-product__link-to-spp" href="http://www.maccosmetics.co.uk/product/13840/46268/products/makeup/eyes/shadow/crystal-glaze-gloss#/shade/Ice_Follies">
                    <h3 class="product__name">Crystal Glaze Gloss</h3>
                    <h3 class="product__name product__name_short"></h3>
                </a>
            
                    <p class="product__description-short">Lacquered Shine, Opalescent Finish, Limited Edition</p>
            
                  <div class="product__rating">
                    <span class="product__rating-non"></span></div>
                <div class="product__price">
                         
                          
                           <span class="product__price--standard">£18.00 </span>
                </div>
                <div class="product__faves--teaser product__faves--teaser_mobile">            <a class="product__add-to-faves add-to-favorites js-add-to-favorites"
               
               href="#"
               data-product='{"prodid": "PROD46268", "sku": "", "SKU_BASE_ID": ""}'
               data-tooltip-added='Added to &lt;a href=http://www.maccosmetics.co.uk/"/account/favorites/index.tmpl">Favourites</a>!'
               data-tooltip-removed='Item has been removed from your &lt;a href=http://www.maccosmetics.co.uk/"/account/favorites/index.tmpl">Favourites</a>'
               data-default-fav='77366'>
              <i class="icon--heart-o"></i>
            </a>
</div>
                <div class="product__price_set ">
                  <div class="product__price_ppu clear"><span class="product__size--ppu">12 ml</span><span class="product__size--hiphen--ppu"> - </span>
                  <span class="product__price_ppu--inside">£15.00  / 10ml</span></div>
                  
                </div>
                  <div class="product__faves--teaser">            <a class="product__add-to-faves add-to-favorites js-add-to-favorites"
               
               href="#"
               data-product='{"prodid": "PROD46268", "sku": "", "SKU_BASE_ID": ""}'
               data-tooltip-added='Added to &lt;a href=http://www.maccosmetics.co.uk/"/account/favorites/index.tmpl">Favourites</a>!'
               data-tooltip-removed='Item has been removed from your &lt;a href=http://www.maccosmetics.co.uk/"/account/favorites/index.tmpl">Favourites</a>'
               data-default-fav='77366'>
              <i class="icon--heart-o"></i>
            </a>
</div>
            
            
            
            
            
            </header>
            
            <div class="product__images js-shade-trigger">
            
              <div class="product__images-inner carousel-wrapper">
            
            
                  <div class="product__image-medium ">
                    <div class="js-inv-status-2 product__inv-status-item temp-out-of-stock__text">Temp Out of Stock</div> 
                    <div class="js-inv-status-3 product__inv-status-item coming_soon-full_text">Coming soon</div>
                    <a class="product__image-medium-link js-product__link-to-spp" href="http://www.maccosmetics.co.uk/product/13840/46268/products/makeup/eyes/shadow/crystal-glaze-gloss#/shade/Ice_Follies">
             
                        <img class="product__sku-image--rendered--medium fade-non-shoppable-product" src="http://www.maccosmetics.co.uk/media/export/cms/products/280x320/mac_sku_S4GM03_280x320_0.jpg" alt="" title="Crystal Glaze Gloss" />
                    </a>
                  </div>
            
              </div>
            </div>
            
            
            <footer class="product__footer">
                <div class="view-all-shades view-all-shades--mobile hide-xlarge-up js-trigger-mobile-shade-selector">
                  <span class="view-all-shades__text">Shop <span id="sku_count">2</span> Shades</span>
                </div>
            
                <div class="product__product-details-shade">
            
                  <div class="product__product-details-shade-smoosh shade-picker__color-wrapper">
                    <a class="js-product__link-to-spp js-trigger-mobile-shade-selector" href="http://www.maccosmetics.co.uk/product/13840/46268/products/makeup/eyes/shadow/crystal-glaze-gloss#/shade/Ice_Follies"><div class="shade-picker__color-texture" style="background-image: url('http://www.maccosmetics.co.uk/media/export/cms/products/smoosh/mac_smoosh_S4GM02.jpg'); background-color: "></div></a>
                  </div>
            
                  <div class="product__product-details-shade-name" style="color:;"></div>
                  <div class="product__product-details-shade-description"><a href="#" class="product__product-life-tooltip js-shade-description-tooltip" data-title=""></a></div>
                </div>
            
            
            
              
              
             
              <div class="product__size"> 12 ml </div>
            
              <div class="product_content_fav_mobile ">
              <a class="product__add-to-faves add-to-favorites js-add-to-favorites"
                 
                 href="#"
                 data-product='{"prodid": "PROD46268", "sku": "", "SKU_BASE_ID": ""}'
                 data-tooltip-added='Added to &lt;a href=http://www.maccosmetics.co.uk/"/account/favorites/index.tmpl">Favourites</a>!'
                 data-tooltip-removed='Item has been removed from your &lt;a href=http://www.maccosmetics.co.uk/"/account/favorites/index.tmpl">Favourites</a>'
                 data-default-fav='77366'>
                <i class="icon--heart-o"></i>
              </a>
              <div class="product__price ">
                      
                        
                        <span class="product__price--standard">£18.00 </span>
              </div>
              <div class="product__price_ppu"><span class="product__size--ppu">12 ml</span><span class="product__size--hiphen--ppu"> - </span>
              <span class="product__price_ppu--inside">£15.00  / 10ml</span></div>
              
              
              <ul class="product__inventory-status js-inv-status-list temp-out-of-stock_notifyme-spacing" data-sku-base-id="">
                <li class="js-inv-status-2 product__inv-status-item temp-out-of-stock display__notify-me">
                                  <div class="notify-status js-add-button" >
                  <a href="#" class ="js-notify-me notify_me" data-sku-inv-status=""  data-sku-base-id="">Notify Me!</a>
                </div>

                  <div class="temp-out-of-stock__text">Temp Out of Stock</div>
                  <div class="temp-out-of-stock-short__text">Temp Out of Stock</div>
                </li>
                <li class="js-inv-status-3 product__inv-status-item coming-soon display__notify-me ">                <div class="notify-status js-add-button" >
                  <a href="#" class ="js-notify-me notify_me" data-sku-inv-status=""  data-sku-base-id="">Notify Me!</a>
                </div>
<div class="coming-soon_text">Coming soon</div></li>
                <li class="js-inv-status-5 product__inv-status-item inactive">Sorry, this item is inactive.</li>
                <li class="js-inv-status-7 product__inv-status-item sold-out btn">Sold Out</li>
              </ul>
              <a class="product__link-to-spp js-product__link-to-spp" href="http://www.maccosmetics.co.uk/product/13840/46268/products/makeup/eyes/shadow/crystal-glaze-gloss" data-product='{"prodid": "PROD46268", "sku": ""}'  >Shop <span id="sku_count">2</span> Shades</a>
              <a class="product__link-custom js-product__link-to-spp" href="http://www.maccosmetics.co.uk/product/13840/46268/products/makeup/eyes/shadow/crystal-glaze-gloss" data-product='{"prodid": "PROD46268", "sku": ""}'></a>
              <a class="product__replenish hide-non-shoppable-product hide-non-orderable-product overlay-link" href="#" data-product='{"prodid": "PROD46268", "sku": ""}'></a>
            
            </footer>
          </div>
      
        </div>
      
      
      
      
      
      
          <div class="js-shade-picker__color"></div>
      
      
      </div>
    </div>
    <div data-match-height="mpp-items" class="grid--mpp__item" style="height: 480px;" data-sku-target="SKU77365" data-sku-base-target="77365">
      <div class="product
        
        
        
        
         product--teaser
         product--shaded
        
        
         product--sku-product
        
        
         product--defaultSku
        
        "
        id="product--prod_id-PROD46268"
        data-product='{"prodid":"PROD46268","sku":"SKU77365"}'
        data-product-id="PROD46268"
        
        
        
        >
        <div class="product__detail">
          <div class="product__sku-details" id="product-detail-attach">
            <header class="product__header">
              <div class="product_header_details">
                <a class="product__name-link js-product__link-to-spp" href="http://www.maccosmetics.co.uk/product/13840/46268/products/makeup/eyes/shadow/crystal-glaze-gloss#/shade/It’s_A_Great_Feeling">
                    <h3 class="product__name">Crystal Glaze Gloss</h3>
                    <h3 class="product__name product__name_short"></h3>
                </a>
            
                    <p class="product__description-short">Lacquered Shine, Opalescent Finish, Limited Edition</p>
            
                  <div class="product__rating">
                    <span class="product__rating-non"></span></div>
                <div class="product__price">
                         
                          
                           <span class="product__price--standard">£18.00 </span>
                </div>
                <div class="product__faves--teaser product__faves--teaser_mobile">            <a class="product__add-to-faves add-to-favorites js-add-to-favorites"
               
               href="#"
               data-product='{"prodid": "PROD46268", "sku": "", "SKU_BASE_ID": ""}'
               data-tooltip-added='Added to &lt;a href=http://www.maccosmetics.co.uk/"/account/favorites/index.tmpl">Favourites</a>!'
               data-tooltip-removed='Item has been removed from your &lt;a href=http://www.maccosmetics.co.uk/"/account/favorites/index.tmpl">Favourites</a>'
               data-default-fav='77365'>
              <i class="icon--heart-o"></i>
            </a>
</div>
                <div class="product__price_set ">
                  <div class="product__price_ppu clear"><span class="product__size--ppu">12 ml</span><span class="product__size--hiphen--ppu"> - </span>
                  <span class="product__price_ppu--inside">£15.00  / 10ml</span></div>
                  
                </div>
                  <div class="product__faves--teaser">            <a class="product__add-to-faves add-to-favorites js-add-to-favorites"
               
               href="#"
               data-product='{"prodid": "PROD46268", "sku": "", "SKU_BASE_ID": ""}'
               data-tooltip-added='Added to &lt;a href=http://www.maccosmetics.co.uk/"/account/favorites/index.tmpl">Favourites</a>!'
               data-tooltip-removed='Item has been removed from your &lt;a href=http://www.maccosmetics.co.uk/"/account/favorites/index.tmpl">Favourites</a>'
               data-default-fav='77365'>
              <i class="icon--heart-o"></i>
            </a>
</div>
            
            
            
            
            
            </header>
            
            <div class="product__images js-shade-trigger">
            
              <div class="product__images-inner carousel-wrapper">
            
            
                  <div class="product__image-medium ">
                    <div class="js-inv-status-2 product__inv-status-item temp-out-of-stock__text">Temp Out of Stock</div> 
                    <div class="js-inv-status-3 product__inv-status-item coming_soon-full_text">Coming soon</div>
                    <a class="product__image-medium-link js-product__link-to-spp" href="http://www.maccosmetics.co.uk/product/13840/46268/products/makeup/eyes/shadow/crystal-glaze-gloss#/shade/It’s_A_Great_Feeling">
             
                        <img class="product__sku-image--rendered--medium fade-non-shoppable-product" src="http://www.maccosmetics.co.uk/media/export/cms/products/280x320/mac_sku_S4GM02_280x320_0.jpg" alt="" title="Crystal Glaze Gloss" />
                    </a>
                  </div>
            
              </div>
            </div>
            
            
            <footer class="product__footer">
                <div class="view-all-shades view-all-shades--mobile hide-xlarge-up js-trigger-mobile-shade-selector">
                  <span class="view-all-shades__text">Shop <span id="sku_count">2</span> Shades</span>
                </div>
            
                <div class="product__product-details-shade">
            
                  <div class="product__product-details-shade-smoosh shade-picker__color-wrapper">
                    <a class="js-product__link-to-spp js-trigger-mobile-shade-selector" href="http://www.maccosmetics.co.uk/product/13840/46268/products/makeup/eyes/shadow/crystal-glaze-gloss#/shade/It’s_A_Great_Feeling"><div class="shade-picker__color-texture" style="background-image: url('http://www.maccosmetics.co.uk/media/export/cms/products/smoosh/mac_smoosh_S4GM02.jpg'); background-color: "></div></a>
                  </div>
            
                  <div class="product__product-details-shade-name" style="color:;"></div>
                  <div class="product__product-details-shade-description"><a href="#" class="product__product-life-tooltip js-shade-description-tooltip" data-title=""></a></div>
                </div>
            
            
            
              
              
             
              <div class="product__size"> 12 ml </div>
            
              <div class="product_content_fav_mobile ">
              <a class="product__add-to-faves add-to-favorites js-add-to-favorites"
                 
                 href="#"
                 data-product='{"prodid": "PROD46268", "sku": "", "SKU_BASE_ID": ""}'
                 data-tooltip-added='Added to &lt;a href=http://www.maccosmetics.co.uk/"/account/favorites/index.tmpl">Favourites</a>!'
                 data-tooltip-removed='Item has been removed from your &lt;a href=http://www.maccosmetics.co.uk/"/account/favorites/index.tmpl">Favourites</a>'
                 data-default-fav='77365'>
                <i class="icon--heart-o"></i>
              </a>
              <div class="product__price ">
                      
                        
                        <span class="product__price--standard">£18.00 </span>
              </div>
              <div class="product__price_ppu"><span class="product__size--ppu">12 ml</span><span class="product__size--hiphen--ppu"> - </span>
              <span class="product__price_ppu--inside">£15.00  / 10ml</span></div>
              
              
              <ul class="product__inventory-status js-inv-status-list temp-out-of-stock_notifyme-spacing" data-sku-base-id="">
                <li class="js-inv-status-2 product__inv-status-item temp-out-of-stock display__notify-me">
                                  <div class="notify-status js-add-button" >
                  <a href="#" class ="js-notify-me notify_me" data-sku-inv-status=""  data-sku-base-id="">Notify Me!</a>
                </div>

                  <div class="temp-out-of-stock__text">Temp Out of Stock</div>
                  <div class="temp-out-of-stock-short__text">Temp Out of Stock</div>
                </li>
                <li class="js-inv-status-3 product__inv-status-item coming-soon display__notify-me ">                <div class="notify-status js-add-button" >
                  <a href="#" class ="js-notify-me notify_me" data-sku-inv-status=""  data-sku-base-id="">Notify Me!</a>
                </div>
<div class="coming-soon_text">Coming soon</div></li>
                <li class="js-inv-status-5 product__inv-status-item inactive">Sorry, this item is inactive.</li>
                <li class="js-inv-status-7 product__inv-status-item sold-out btn">Sold Out</li>
              </ul>
              <a class="product__link-to-spp js-product__link-to-spp" href="http://www.maccosmetics.co.uk/product/13840/46268/products/makeup/eyes/shadow/crystal-glaze-gloss" data-product='{"prodid": "PROD46268", "sku": ""}'  >Shop <span id="sku_count">2</span> Shades</a>
              <a class="product__link-custom js-product__link-to-spp" href="http://www.maccosmetics.co.uk/product/13840/46268/products/makeup/eyes/shadow/crystal-glaze-gloss" data-product='{"prodid": "PROD46268", "sku": ""}'></a>
              <a class="product__replenish hide-non-shoppable-product hide-non-orderable-product overlay-link" href="#" data-product='{"prodid": "PROD46268", "sku": ""}'></a>
            
            </footer>
          </div>
      
        </div>
      
      
      
      
      
      
          <div class="js-shade-picker__color"></div>
      
      
      </div>
    </div>
    <div data-match-height="mpp-items" class="grid--mpp__item" style="height: 480px;" data-sku-target="SKU77367" data-sku-base-target="77367">
      <div class="product
        
        
        
        
         product--teaser
         product--shaded
        
        
         product--sku-product
        
        
         product--defaultSku
        
        "
        id="product--prod_id-PROD46269"
        data-product='{"prodid":"PROD46269","sku":"SKU77367"}'
        data-product-id="PROD46269"
        
        
        
        >
        <div class="product__detail">
          <div class="product__sku-details" id="product-detail-attach">
            <header class="product__header">
              <div class="product_header_details">
                <a class="product__name-link js-product__link-to-spp" href="http://www.maccosmetics.co.uk/product/13848/46269/products/makeup/face/multi-use/paints-kabuki-magic#/shade/Holy_Holy">
                    <h3 class="product__name">Paints  / Kabuki Magic</h3>
                    <h3 class="product__name product__name_short"></h3>
                </a>
            
                    <p class="product__description-short">Cream to Powder, Non-Creasing, Limited Edition</p>
            
                  <div class="product__rating">
                    <span class="product__rating-non"></span></div>
                <div class="product__price">
                         
                          
                           <span class="product__price--standard">£16.00 </span>
                </div>
                <div class="product__faves--teaser product__faves--teaser_mobile">            <a class="product__add-to-faves add-to-favorites js-add-to-favorites"
               
               href="#"
               data-product='{"prodid": "PROD46269", "sku": "", "SKU_BASE_ID": ""}'
               data-tooltip-added='Added to &lt;a href=http://www.maccosmetics.co.uk/"/account/favorites/index.tmpl">Favourites</a>!'
               data-tooltip-removed='Item has been removed from your &lt;a href=http://www.maccosmetics.co.uk/"/account/favorites/index.tmpl">Favourites</a>'
               data-default-fav='77367'>
              <i class="icon--heart-o"></i>
            </a>
</div>
                <div class="product__price_set ">
                  <div class="product__price_ppu clear"><span class="product__size--ppu">6.5 g</span><span class="product__size--hiphen--ppu"> - </span>
                  <span class="product__price_ppu--inside">£24.62  / 10g</span></div>
                  
                </div>
                  <div class="product__faves--teaser">            <a class="product__add-to-faves add-to-favorites js-add-to-favorites"
               
               href="#"
               data-product='{"prodid": "PROD46269", "sku": "", "SKU_BASE_ID": ""}'
               data-tooltip-added='Added to &lt;a href=http://www.maccosmetics.co.uk/"/account/favorites/index.tmpl">Favourites</a>!'
               data-tooltip-removed='Item has been removed from your &lt;a href=http://www.maccosmetics.co.uk/"/account/favorites/index.tmpl">Favourites</a>'
               data-default-fav='77367'>
              <i class="icon--heart-o"></i>
            </a>
</div>
            
            
            
            
            
            </header>
            
            <div class="product__images js-shade-trigger">
            
              <div class="product__images-inner carousel-wrapper">
            
            
                  <div class="product__image-medium ">
                    <div class="js-inv-status-2 product__inv-status-item temp-out-of-stock__text">Temp Out of Stock</div> 
                    <div class="js-inv-status-3 product__inv-status-item coming_soon-full_text">Coming soon</div>
                    <a class="product__image-medium-link js-product__link-to-spp" href="http://www.maccosmetics.co.uk/product/13848/46269/products/makeup/face/multi-use/paints-kabuki-magic#/shade/Holy_Holy">
             
                        <img class="product__sku-image--rendered--medium fade-non-shoppable-product" src="http://www.maccosmetics.co.uk/media/export/cms/products/280x320/mac_sku_S4GH46_280x320_0.jpg" alt="" title="Paints  / Kabuki Magic" />
                    </a>
                  </div>
            
              </div>
            </div>
            
            
            <footer class="product__footer">
                <div class="view-all-shades view-all-shades--mobile hide-xlarge-up js-trigger-mobile-shade-selector">
                  <span class="view-all-shades__text">Shop <span id="sku_count">4</span> Shades</span>
                </div>
            
                <div class="product__product-details-shade">
            
                  <div class="product__product-details-shade-smoosh shade-picker__color-wrapper">
                    <a class="js-product__link-to-spp js-trigger-mobile-shade-selector" href="http://www.maccosmetics.co.uk/product/13848/46269/products/makeup/face/multi-use/paints-kabuki-magic#/shade/Holy_Holy"><div class="shade-picker__color-texture" style="background-image: url('http://www.maccosmetics.co.uk/media/export/cms/products/smoosh/mac_smoosh_S4GH46.jpg'); background-color: "></div></a>
                  </div>
            
                  <div class="product__product-details-shade-name" style="color:;"></div>
                  <div class="product__product-details-shade-description"><a href="#" class="product__product-life-tooltip js-shade-description-tooltip" data-title=""></a></div>
                </div>
            
            
            
              
              
             
              <div class="product__size"> 6.5 g </div>
            
              <div class="product_content_fav_mobile ">
              <a class="product__add-to-faves add-to-favorites js-add-to-favorites"
                 
                 href="#"
                 data-product='{"prodid": "PROD46269", "sku": "", "SKU_BASE_ID": ""}'
                 data-tooltip-added='Added to &lt;a href=http://www.maccosmetics.co.uk/"/account/favorites/index.tmpl">Favourites</a>!'
                 data-tooltip-removed='Item has been removed from your &lt;a href=http://www.maccosmetics.co.uk/"/account/favorites/index.tmpl">Favourites</a>'
                 data-default-fav='77367'>
                <i class="icon--heart-o"></i>
              </a>
              <div class="product__price ">
                      
                        
                        <span class="product__price--standard">£16.00 </span>
              </div>
              <div class="product__price_ppu"><span class="product__size--ppu">6.5 g</span><span class="product__size--hiphen--ppu"> - </span>
              <span class="product__price_ppu--inside">£24.62  / 10g</span></div>
              
              
              <ul class="product__inventory-status js-inv-status-list temp-out-of-stock_notifyme-spacing" data-sku-base-id="">
                <li class="js-inv-status-2 product__inv-status-item temp-out-of-stock display__notify-me">
                                  <div class="notify-status js-add-button" >
                  <a href="#" class ="js-notify-me notify_me" data-sku-inv-status=""  data-sku-base-id="">Notify Me!</a>
                </div>

                  <div class="temp-out-of-stock__text">Temp Out of Stock</div>
                  <div class="temp-out-of-stock-short__text">Temp Out of Stock</div>
                </li>
                <li class="js-inv-status-3 product__inv-status-item coming-soon display__notify-me ">                <div class="notify-status js-add-button" >
                  <a href="#" class ="js-notify-me notify_me" data-sku-inv-status=""  data-sku-base-id="">Notify Me!</a>
                </div>
<div class="coming-soon_text">Coming soon</div></li>
                <li class="js-inv-status-5 product__inv-status-item inactive">Sorry, this item is inactive.</li>
                <li class="js-inv-status-7 product__inv-status-item sold-out btn">Sold Out</li>
              </ul>
              <a class="product__link-to-spp js-product__link-to-spp" href="http://www.maccosmetics.co.uk/product/13848/46269/products/makeup/face/multi-use/paints-kabuki-magic" data-product='{"prodid": "PROD46269", "sku": ""}'  >Shop <span id="sku_count">4</span> Shades</a>
              <a class="product__link-custom js-product__link-to-spp" href="http://www.maccosmetics.co.uk/product/13848/46269/products/makeup/face/multi-use/paints-kabuki-magic" data-product='{"prodid": "PROD46269", "sku": ""}'></a>
              <a class="product__replenish hide-non-shoppable-product hide-non-orderable-product overlay-link" href="#" data-product='{"prodid": "PROD46269", "sku": ""}'></a>
            
            </footer>
          </div>
      
        </div>
      
      
      
      
      
      
          <div class="js-shade-picker__color"></div>
      
      
      </div>
    </div>
    <div data-match-height="mpp-items" class="grid--mpp__item" style="height: 480px;" data-sku-target="SKU77368" data-sku-base-target="77368">
      <div class="product
        
        
        
        
         product--teaser
         product--shaded
        
        
         product--sku-product
        
        
         product--defaultSku
        
        "
        id="product--prod_id-PROD46269"
        data-product='{"prodid":"PROD46269","sku":"SKU77368"}'
        data-product-id="PROD46269"
        
        
        
        >
        <div class="product__detail">
          <div class="product__sku-details" id="product-detail-attach">
            <header class="product__header">
              <div class="product_header_details">
                <a class="product__name-link js-product__link-to-spp" href="http://www.maccosmetics.co.uk/product/13848/46269/products/makeup/face/multi-use/paints-kabuki-magic#/shade/Win">
                    <h3 class="product__name">Paints  / Kabuki Magic</h3>
                    <h3 class="product__name product__name_short"></h3>
                </a>
            
                    <p class="product__description-short">Cream to Powder, Non-Creasing, Limited Edition</p>
            
                  <div class="product__rating">
                    <span class="product__rating-non"></span></div>
                <div class="product__price">
                         
                          
                           <span class="product__price--standard">£16.00 </span>
                </div>
                <div class="product__faves--teaser product__faves--teaser_mobile">            <a class="product__add-to-faves add-to-favorites js-add-to-favorites"
               
               href="#"
               data-product='{"prodid": "PROD46269", "sku": "", "SKU_BASE_ID": ""}'
               data-tooltip-added='Added to &lt;a href=http://www.maccosmetics.co.uk/"/account/favorites/index.tmpl">Favourites</a>!'
               data-tooltip-removed='Item has been removed from your &lt;a href=http://www.maccosmetics.co.uk/"/account/favorites/index.tmpl">Favourites</a>'
               data-default-fav='77368'>
              <i class="icon--heart-o"></i>
            </a>
</div>
                <div class="product__price_set ">
                  <div class="product__price_ppu clear"><span class="product__size--ppu">6.5 g</span><span class="product__size--hiphen--ppu"> - </span>
                  <span class="product__price_ppu--inside">£24.62  / 10g</span></div>
                  
                </div>
                  <div class="product__faves--teaser">            <a class="product__add-to-faves add-to-favorites js-add-to-favorites"
               
               href="#"
               data-product='{"prodid": "PROD46269", "sku": "", "SKU_BASE_ID": ""}'
               data-tooltip-added='Added to &lt;a href=http://www.maccosmetics.co.uk/"/account/favorites/index.tmpl">Favourites</a>!'
               data-tooltip-removed='Item has been removed from your &lt;a href=http://www.maccosmetics.co.uk/"/account/favorites/index.tmpl">Favourites</a>'
               data-default-fav='77368'>
              <i class="icon--heart-o"></i>
            </a>
</div>
            
            
            
            
            
            </header>
            
            <div class="product__images js-shade-trigger">
            
              <div class="product__images-inner carousel-wrapper">
            
            
                  <div class="product__image-medium ">
                    <div class="js-inv-status-2 product__inv-status-item temp-out-of-stock__text">Temp Out of Stock</div> 
                    <div class="js-inv-status-3 product__inv-status-item coming_soon-full_text">Coming soon</div>
                    <a class="product__image-medium-link js-product__link-to-spp" href="http://www.maccosmetics.co.uk/product/13848/46269/products/makeup/face/multi-use/paints-kabuki-magic#/shade/Win">
             
                        <img class="product__sku-image--rendered--medium fade-non-shoppable-product" src="http://www.maccosmetics.co.uk/media/export/cms/products/280x320/mac_sku_S4GH47_280x320_0.jpg" alt="" title="Paints  / Kabuki Magic" />
                    </a>
                  </div>
            
              </div>
            </div>
            
            
            <footer class="product__footer">
                <div class="view-all-shades view-all-shades--mobile hide-xlarge-up js-trigger-mobile-shade-selector">
                  <span class="view-all-shades__text">Shop <span id="sku_count">4</span> Shades</span>
                </div>
            
                <div class="product__product-details-shade">
            
                  <div class="product__product-details-shade-smoosh shade-picker__color-wrapper">
                    <a class="js-product__link-to-spp js-trigger-mobile-shade-selector" href="http://www.maccosmetics.co.uk/product/13848/46269/products/makeup/face/multi-use/paints-kabuki-magic#/shade/Win"><div class="shade-picker__color-texture" style="background-image: url('http://www.maccosmetics.co.uk/media/export/cms/products/smoosh/mac_smoosh_S4GH46.jpg'); background-color: "></div></a>
                  </div>
            
                  <div class="product__product-details-shade-name" style="color:;"></div>
                  <div class="product__product-details-shade-description"><a href="#" class="product__product-life-tooltip js-shade-description-tooltip" data-title=""></a></div>
                </div>
            
            
            
              
              
             
              <div class="product__size"> 6.5 g </div>
            
              <div class="product_content_fav_mobile ">
              <a class="product__add-to-faves add-to-favorites js-add-to-favorites"
                 
                 href="#"
                 data-product='{"prodid": "PROD46269", "sku": "", "SKU_BASE_ID": ""}'
                 data-tooltip-added='Added to &lt;a href=http://www.maccosmetics.co.uk/"/account/favorites/index.tmpl">Favourites</a>!'
                 data-tooltip-removed='Item has been removed from your &lt;a href=http://www.maccosmetics.co.uk/"/account/favorites/index.tmpl">Favourites</a>'
                 data-default-fav='77368'>
                <i class="icon--heart-o"></i>
              </a>
              <div class="product__price ">
                      
                        
                        <span class="product__price--standard">£16.00 </span>
              </div>
              <div class="product__price_ppu"><span class="product__size--ppu">6.5 g</span><span class="product__size--hiphen--ppu"> - </span>
              <span class="product__price_ppu--inside">£24.62  / 10g</span></div>
              
              
              <ul class="product__inventory-status js-inv-status-list temp-out-of-stock_notifyme-spacing" data-sku-base-id="">
                <li class="js-inv-status-2 product__inv-status-item temp-out-of-stock display__notify-me">
                                  <div class="notify-status js-add-button" >
                  <a href="#" class ="js-notify-me notify_me" data-sku-inv-status=""  data-sku-base-id="">Notify Me!</a>
                </div>

                  <div class="temp-out-of-stock__text">Temp Out of Stock</div>
                  <div class="temp-out-of-stock-short__text">Temp Out of Stock</div>
                </li>
                <li class="js-inv-status-3 product__inv-status-item coming-soon display__notify-me ">                <div class="notify-status js-add-button" >
                  <a href="#" class ="js-notify-me notify_me" data-sku-inv-status=""  data-sku-base-id="">Notify Me!</a>
                </div>
<div class="coming-soon_text">Coming soon</div></li>
                <li class="js-inv-status-5 product__inv-status-item inactive">Sorry, this item is inactive.</li>
                <li class="js-inv-status-7 product__inv-status-item sold-out btn">Sold Out</li>
              </ul>
              <a class="product__link-to-spp js-product__link-to-spp" href="http://www.maccosmetics.co.uk/product/13848/46269/products/makeup/face/multi-use/paints-kabuki-magic" data-product='{"prodid": "PROD46269", "sku": ""}'  >Shop <span id="sku_count">4</span> Shades</a>
              <a class="product__link-custom js-product__link-to-spp" href="http://www.maccosmetics.co.uk/product/13848/46269/products/makeup/face/multi-use/paints-kabuki-magic" data-product='{"prodid": "PROD46269", "sku": ""}'></a>
              <a class="product__replenish hide-non-shoppable-product hide-non-orderable-product overlay-link" href="#" data-product='{"prodid": "PROD46269", "sku": ""}'></a>
            
            </footer>
          </div>
      
        </div>
      
      
      
      
      
      
          <div class="js-shade-picker__color"></div>
      
      
      </div>
    </div>
    <div data-match-height="mpp-items" class="grid--mpp__item" style="height: 480px;" data-sku-target="SKU77369" data-sku-base-target="77369">
      <div class="product
        
        
        
        
         product--teaser
         product--shaded
        
        
         product--sku-product
        
        
         product--defaultSku
        
        "
        id="product--prod_id-PROD46269"
        data-product='{"prodid":"PROD46269","sku":"SKU77369"}'
        data-product-id="PROD46269"
        
        
        
        >
        <div class="product__detail">
          <div class="product__sku-details" id="product-detail-attach">
            <header class="product__header">
              <div class="product_header_details">
                <a class="product__name-link js-product__link-to-spp" href="http://www.maccosmetics.co.uk/product/13848/46269/products/makeup/face/multi-use/paints-kabuki-magic#/shade/Cracked_Emerald">
                    <h3 class="product__name">Paints  / Kabuki Magic</h3>
                    <h3 class="product__name product__name_short"></h3>
                </a>
            
                    <p class="product__description-short">Cream to Powder, Non-Creasing, Limited Edition</p>
            
                  <div class="product__rating">
                    <span class="product__rating-non"></span></div>
                <div class="product__price">
                         
                          
                           <span class="product__price--standard">£16.00 </span>
                </div>
                <div class="product__faves--teaser product__faves--teaser_mobile">            <a class="product__add-to-faves add-to-favorites js-add-to-favorites"
               
               href="#"
               data-product='{"prodid": "PROD46269", "sku": "", "SKU_BASE_ID": ""}'
               data-tooltip-added='Added to &lt;a href=http://www.maccosmetics.co.uk/"/account/favorites/index.tmpl">Favourites</a>!'
               data-tooltip-removed='Item has been removed from your &lt;a href=http://www.maccosmetics.co.uk/"/account/favorites/index.tmpl">Favourites</a>'
               data-default-fav='77369'>
              <i class="icon--heart-o"></i>
            </a>
</div>
                <div class="product__price_set ">
                  <div class="product__price_ppu clear"><span class="product__size--ppu">6.5 g</span><span class="product__size--hiphen--ppu"> - </span>
                  <span class="product__price_ppu--inside">£24.62  / 10g</span></div>
                  
                </div>
                  <div class="product__faves--teaser">            <a class="product__add-to-faves add-to-favorites js-add-to-favorites"
               
               href="#"
               data-product='{"prodid": "PROD46269", "sku": "", "SKU_BASE_ID": ""}'
               data-tooltip-added='Added to &lt;a href=http://www.maccosmetics.co.uk/"/account/favorites/index.tmpl">Favourites</a>!'
               data-tooltip-removed='Item has been removed from your &lt;a href=http://www.maccosmetics.co.uk/"/account/favorites/index.tmpl">Favourites</a>'
               data-default-fav='77369'>
              <i class="icon--heart-o"></i>
            </a>
</div>
            
            
            
            
            
            </header>
            
            <div class="product__images js-shade-trigger">
            
              <div class="product__images-inner carousel-wrapper">
            
            
                  <div class="product__image-medium ">
                    <div class="js-inv-status-2 product__inv-status-item temp-out-of-stock__text">Temp Out of Stock</div> 
                    <div class="js-inv-status-3 product__inv-status-item coming_soon-full_text">Coming soon</div>
                    <a class="product__image-medium-link js-product__link-to-spp" href="http://www.maccosmetics.co.uk/product/13848/46269/products/makeup/face/multi-use/paints-kabuki-magic#/shade/Cracked_Emerald">
             
                        <img class="product__sku-image--rendered--medium fade-non-shoppable-product" src="http://www.maccosmetics.co.uk/media/export/cms/products/280x320/mac_sku_S4GH48_280x320_0.jpg" alt="" title="Paints  / Kabuki Magic" />
                    </a>
                  </div>
            
              </div>
            </div>
            
            
            <footer class="product__footer">
                <div class="view-all-shades view-all-shades--mobile hide-xlarge-up js-trigger-mobile-shade-selector">
                  <span class="view-all-shades__text">Shop <span id="sku_count">4</span> Shades</span>
                </div>
            
                <div class="product__product-details-shade">
            
                  <div class="product__product-details-shade-smoosh shade-picker__color-wrapper">
                    <a class="js-product__link-to-spp js-trigger-mobile-shade-selector" href="http://www.maccosmetics.co.uk/product/13848/46269/products/makeup/face/multi-use/paints-kabuki-magic#/shade/Cracked_Emerald"><div class="shade-picker__color-texture" style="background-image: url('http://www.maccosmetics.co.uk/media/export/cms/products/smoosh/mac_smoosh_S4GH46.jpg'); background-color: "></div></a>
                  </div>
            
                  <div class="product__product-details-shade-name" style="color:;"></div>
                  <div class="product__product-details-shade-description"><a href="#" class="product__product-life-tooltip js-shade-description-tooltip" data-title=""></a></div>
                </div>
            
            
            
              
              
             
              <div class="product__size"> 6.5 g </div>
            
              <div class="product_content_fav_mobile ">
              <a class="product__add-to-faves add-to-favorites js-add-to-favorites"
                 
                 href="#"
                 data-product='{"prodid": "PROD46269", "sku": "", "SKU_BASE_ID": ""}'
                 data-tooltip-added='Added to &lt;a href=http://www.maccosmetics.co.uk/"/account/favorites/index.tmpl">Favourites</a>!'
                 data-tooltip-removed='Item has been removed from your &lt;a href=http://www.maccosmetics.co.uk/"/account/favorites/index.tmpl">Favourites</a>'
                 data-default-fav='77369'>
                <i class="icon--heart-o"></i>
              </a>
              <div class="product__price ">
                      
                        
                        <span class="product__price--standard">£16.00 </span>
              </div>
              <div class="product__price_ppu"><span class="product__size--ppu">6.5 g</span><span class="product__size--hiphen--ppu"> - </span>
              <span class="product__price_ppu--inside">£24.62  / 10g</span></div>
              
              
              <ul class="product__inventory-status js-inv-status-list temp-out-of-stock_notifyme-spacing" data-sku-base-id="">
                <li class="js-inv-status-2 product__inv-status-item temp-out-of-stock display__notify-me">
                                  <div class="notify-status js-add-button" >
                  <a href="#" class ="js-notify-me notify_me" data-sku-inv-status=""  data-sku-base-id="">Notify Me!</a>
                </div>

                  <div class="temp-out-of-stock__text">Temp Out of Stock</div>
                  <div class="temp-out-of-stock-short__text">Temp Out of Stock</div>
                </li>
                <li class="js-inv-status-3 product__inv-status-item coming-soon display__notify-me ">                <div class="notify-status js-add-button" >
                  <a href="#" class ="js-notify-me notify_me" data-sku-inv-status=""  data-sku-base-id="">Notify Me!</a>
                </div>
<div class="coming-soon_text">Coming soon</div></li>
                <li class="js-inv-status-5 product__inv-status-item inactive">Sorry, this item is inactive.</li>
                <li class="js-inv-status-7 product__inv-status-item sold-out btn">Sold Out</li>
              </ul>
              <a class="product__link-to-spp js-product__link-to-spp" href="http://www.maccosmetics.co.uk/product/13848/46269/products/makeup/face/multi-use/paints-kabuki-magic" data-product='{"prodid": "PROD46269", "sku": ""}'  >Shop <span id="sku_count">4</span> Shades</a>
              <a class="product__link-custom js-product__link-to-spp" href="http://www.maccosmetics.co.uk/product/13848/46269/products/makeup/face/multi-use/paints-kabuki-magic" data-product='{"prodid": "PROD46269", "sku": ""}'></a>
              <a class="product__replenish hide-non-shoppable-product hide-non-orderable-product overlay-link" href="#" data-product='{"prodid": "PROD46269", "sku": ""}'></a>
            
            </footer>
          </div>
      
        </div>
      
      
      
      
      
      
          <div class="js-shade-picker__color"></div>
      
      
      </div>
    </div>
    <div data-match-height="mpp-items" class="grid--mpp__item" style="height: 480px;" data-sku-target="SKU77370" data-sku-base-target="77370">
      <div class="product
        
        
        
        
         product--teaser
         product--shaded
        
        
         product--sku-product
        
        
         product--defaultSku
        
        "
        id="product--prod_id-PROD46269"
        data-product='{"prodid":"PROD46269","sku":"SKU77370"}'
        data-product-id="PROD46269"
        
        
        
        >
        <div class="product__detail">
          <div class="product__sku-details" id="product-detail-attach">
            <header class="product__header">
              <div class="product_header_details">
                <a class="product__name-link js-product__link-to-spp" href="http://www.maccosmetics.co.uk/product/13848/46269/products/makeup/face/multi-use/paints-kabuki-magic#/shade/Overnight_Sensation">
                    <h3 class="product__name">Paints  / Kabuki Magic</h3>
                    <h3 class="product__name product__name_short"></h3>
                </a>
            
                    <p class="product__description-short">Cream to Powder, Non-Creasing, Limited Edition</p>
            
                  <div class="product__rating">
                    <span class="product__rating-non"></span></div>
                <div class="product__price">
                         
                          
                           <span class="product__price--standard">£16.00 </span>
                </div>
                <div class="product__faves--teaser product__faves--teaser_mobile">            <a class="product__add-to-faves add-to-favorites js-add-to-favorites"
               
               href="#"
               data-product='{"prodid": "PROD46269", "sku": "", "SKU_BASE_ID": ""}'
               data-tooltip-added='Added to &lt;a href=http://www.maccosmetics.co.uk/"/account/favorites/index.tmpl">Favourites</a>!'
               data-tooltip-removed='Item has been removed from your &lt;a href=http://www.maccosmetics.co.uk/"/account/favorites/index.tmpl">Favourites</a>'
               data-default-fav='77370'>
              <i class="icon--heart-o"></i>
            </a>
</div>
                <div class="product__price_set ">
                  <div class="product__price_ppu clear"><span class="product__size--ppu">6.5 g</span><span class="product__size--hiphen--ppu"> - </span>
                  <span class="product__price_ppu--inside">£24.62  / 10g</span></div>
                  
                </div>
                  <div class="product__faves--teaser">            <a class="product__add-to-faves add-to-favorites js-add-to-favorites"
               
               href="#"
               data-product='{"prodid": "PROD46269", "sku": "", "SKU_BASE_ID": ""}'
               data-tooltip-added='Added to &lt;a href=http://www.maccosmetics.co.uk/"/account/favorites/index.tmpl">Favourites</a>!'
               data-tooltip-removed='Item has been removed from your &lt;a href=http://www.maccosmetics.co.uk/"/account/favorites/index.tmpl">Favourites</a>'
               data-default-fav='77370'>
              <i class="icon--heart-o"></i>
            </a>
</div>
            
            
            
            
            
            </header>
            
            <div class="product__images js-shade-trigger">
            
              <div class="product__images-inner carousel-wrapper">
            
            
                  <div class="product__image-medium ">
                    <div class="js-inv-status-2 product__inv-status-item temp-out-of-stock__text">Temp Out of Stock</div> 
                    <div class="js-inv-status-3 product__inv-status-item coming_soon-full_text">Coming soon</div>
                    <a class="product__image-medium-link js-product__link-to-spp" href="http://www.maccosmetics.co.uk/product/13848/46269/products/makeup/face/multi-use/paints-kabuki-magic#/shade/Overnight_Sensation">
             
                        <img class="product__sku-image--rendered--medium fade-non-shoppable-product" src="http://www.maccosmetics.co.uk/media/export/cms/products/280x320/mac_sku_S4GH49_280x320_0.jpg" alt="" title="Paints  / Kabuki Magic" />
                    </a>
                  </div>
            
              </div>
            </div>
            
            
            <footer class="product__footer">
                <div class="view-all-shades view-all-shades--mobile hide-xlarge-up js-trigger-mobile-shade-selector">
                  <span class="view-all-shades__text">Shop <span id="sku_count">4</span> Shades</span>
                </div>
            
                <div class="product__product-details-shade">
            
                  <div class="product__product-details-shade-smoosh shade-picker__color-wrapper">
                    <a class="js-product__link-to-spp js-trigger-mobile-shade-selector" href="http://www.maccosmetics.co.uk/product/13848/46269/products/makeup/face/multi-use/paints-kabuki-magic#/shade/Overnight_Sensation"><div class="shade-picker__color-texture" style="background-image: url('http://www.maccosmetics.co.uk/media/export/cms/products/smoosh/mac_smoosh_S4GH46.jpg'); background-color: "></div></a>
                  </div>
            
                  <div class="product__product-details-shade-name" style="color:;"></div>
                  <div class="product__product-details-shade-description"><a href="#" class="product__product-life-tooltip js-shade-description-tooltip" data-title=""></a></div>
                </div>
            
            
            
              
              
             
              <div class="product__size"> 6.5 g </div>
            
              <div class="product_content_fav_mobile ">
              <a class="product__add-to-faves add-to-favorites js-add-to-favorites"
                 
                 href="#"
                 data-product='{"prodid": "PROD46269", "sku": "", "SKU_BASE_ID": ""}'
                 data-tooltip-added='Added to &lt;a href=http://www.maccosmetics.co.uk/"/account/favorites/index.tmpl">Favourites</a>!'
                 data-tooltip-removed='Item has been removed from your &lt;a href=http://www.maccosmetics.co.uk/"/account/favorites/index.tmpl">Favourites</a>'
                 data-default-fav='77370'>
                <i class="icon--heart-o"></i>
              </a>
              <div class="product__price ">
                      
                        
                        <span class="product__price--standard">£16.00 </span>
              </div>
              <div class="product__price_ppu"><span class="product__size--ppu">6.5 g</span><span class="product__size--hiphen--ppu"> - </span>
              <span class="product__price_ppu--inside">£24.62  / 10g</span></div>
              
              
              <ul class="product__inventory-status js-inv-status-list temp-out-of-stock_notifyme-spacing" data-sku-base-id="">
                <li class="js-inv-status-2 product__inv-status-item temp-out-of-stock display__notify-me">
                                  <div class="notify-status js-add-button" >
                  <a href="#" class ="js-notify-me notify_me" data-sku-inv-status=""  data-sku-base-id="">Notify Me!</a>
                </div>

                  <div class="temp-out-of-stock__text">Temp Out of Stock</div>
                  <div class="temp-out-of-stock-short__text">Temp Out of Stock</div>
                </li>
                <li class="js-inv-status-3 product__inv-status-item coming-soon display__notify-me ">                <div class="notify-status js-add-button" >
                  <a href="#" class ="js-notify-me notify_me" data-sku-inv-status=""  data-sku-base-id="">Notify Me!</a>
                </div>
<div class="coming-soon_text">Coming soon</div></li>
                <li class="js-inv-status-5 product__inv-status-item inactive">Sorry, this item is inactive.</li>
                <li class="js-inv-status-7 product__inv-status-item sold-out btn">Sold Out</li>
              </ul>
              <a class="product__link-to-spp js-product__link-to-spp" href="http://www.maccosmetics.co.uk/product/13848/46269/products/makeup/face/multi-use/paints-kabuki-magic" data-product='{"prodid": "PROD46269", "sku": ""}'  >Shop <span id="sku_count">4</span> Shades</a>
              <a class="product__link-custom js-product__link-to-spp" href="http://www.maccosmetics.co.uk/product/13848/46269/products/makeup/face/multi-use/paints-kabuki-magic" data-product='{"prodid": "PROD46269", "sku": ""}'></a>
              <a class="product__replenish hide-non-shoppable-product hide-non-orderable-product overlay-link" href="#" data-product='{"prodid": "PROD46269", "sku": ""}'></a>
            
            </footer>
          </div>
      
        </div>
      
      
      
      
      
      
          <div class="js-shade-picker__color"></div>
      
      
      </div>
    </div>
    <div data-match-height="mpp-items" class="grid--mpp__item" style="height: 480px;" data-sku-target="SKU2068" data-sku-base-target="2068">
      <div class="product
        
        
        
        
         product--teaser
         product--shaded
        
        
         product--sku-product
        
        
         product--defaultSku
        
        "
        id="product--prod_id-PROD326"
        data-product='{"prodid":"PROD326","sku":"SKU2068"}'
        data-product-id="PROD326"
        
        
        
        >
        <div class="product__detail">
          <div class="product__sku-details" id="product-detail-attach">
            <header class="product__header">
              <div class="product_header_details">
                <a class="product__name-link js-product__link-to-spp" href="http://www.maccosmetics.co.uk/product/13838/326/products/makeup/eyes/liner/eye-pencil#/shade/Coffee">
                    <h3 class="product__name">Eye Pencil</h3>
                    <h3 class="product__name product__name_short"></h3>
                </a>
            
                    <p class="product__description-short">Comfortable, Rich Colour, Precise</p>
            
                  <div class="product__rating">
                    <div class="product__rating-stars">
                      <div style="width: 80%;" class="product__rating-percentage">
                        <div class="product__rating-stars-rating"></div>
                      </div>
                    </div>
                  </div>
                <div class="product__price">
                         
                          
                           <span class="product__price--standard">£14.50 </span>
                </div>
                <div class="product__faves--teaser product__faves--teaser_mobile">            <a class="product__add-to-faves add-to-favorites js-add-to-favorites"
               
               href="#"
               data-product='{"prodid": "PROD326", "sku": "", "SKU_BASE_ID": ""}'
               data-tooltip-added='Added to &lt;a href=http://www.maccosmetics.co.uk/"/account/favorites/index.tmpl">Favourites</a>!'
               data-tooltip-removed='Item has been removed from your &lt;a href=http://www.maccosmetics.co.uk/"/account/favorites/index.tmpl">Favourites</a>'
               data-default-fav='2068'>
              <i class="icon--heart-o"></i>
            </a>
</div>
                <div class="product__price_set ">
                  <div class="product__price_ppu clear">
                  <span class="product__price_ppu--inside"></span></div>
                  
                </div>
                  <div class="product__faves--teaser">            <a class="product__add-to-faves add-to-favorites js-add-to-favorites"
               
               href="#"
               data-product='{"prodid": "PROD326", "sku": "", "SKU_BASE_ID": ""}'
               data-tooltip-added='Added to &lt;a href=http://www.maccosmetics.co.uk/"/account/favorites/index.tmpl">Favourites</a>!'
               data-tooltip-removed='Item has been removed from your &lt;a href=http://www.maccosmetics.co.uk/"/account/favorites/index.tmpl">Favourites</a>'
               data-default-fav='2068'>
              <i class="icon--heart-o"></i>
            </a>
</div>
            
            
            
            
            
            </header>
            
            <div class="product__images js-shade-trigger">
            
              <div class="product__images-inner carousel-wrapper">
            
            
                  <div class="product__image-medium ">
                    <div class="js-inv-status-2 product__inv-status-item temp-out-of-stock__text">Temp Out of Stock</div> 
                    <div class="js-inv-status-3 product__inv-status-item coming_soon-full_text">Coming soon</div>
                    <a class="product__image-medium-link js-product__link-to-spp" href="http://www.maccosmetics.co.uk/product/13838/326/products/makeup/eyes/liner/eye-pencil#/shade/Coffee">
             
                        <img class="product__sku-image--rendered--medium fade-non-shoppable-product" src="http://www.maccosmetics.co.uk/media/export/cms/products/280x320/mac_sku_M28001_280x320_0.jpg" alt="" title="Eye Pencil" />
                    </a>
                  </div>
            
              </div>
            </div>
            
            
            <footer class="product__footer">
                <div class="view-all-shades view-all-shades--mobile hide-xlarge-up js-trigger-mobile-shade-selector">
                  <span class="view-all-shades__text">Shop <span id="sku_count">2</span> Shades</span>
                </div>
            
                <div class="product__product-details-shade">
            
                  <div class="product__product-details-shade-smoosh shade-picker__color-wrapper">
                    <a class="js-product__link-to-spp js-trigger-mobile-shade-selector" href="http://www.maccosmetics.co.uk/product/13838/326/products/makeup/eyes/liner/eye-pencil#/shade/Coffee"><div class="shade-picker__color-texture" style="background-image: url('http://www.maccosmetics.co.uk/media/export/cms/products/smoosh/mac_smoosh_M280.jpg'); background-color: "></div></a>
                  </div>
            
                  <div class="product__product-details-shade-name" style="color:;"></div>
                  <div class="product__product-details-shade-description"><a href="#" class="product__product-life-tooltip js-shade-description-tooltip" data-title=""></a></div>
                </div>
            
            
            
              
              
             
              <div class="product__size"> 1.45 g </div>
            
              <div class="product_content_fav_mobile ">
              <a class="product__add-to-faves add-to-favorites js-add-to-favorites"
                 
                 href="#"
                 data-product='{"prodid": "PROD326", "sku": "", "SKU_BASE_ID": ""}'
                 data-tooltip-added='Added to &lt;a href=http://www.maccosmetics.co.uk/"/account/favorites/index.tmpl">Favourites</a>!'
                 data-tooltip-removed='Item has been removed from your &lt;a href=http://www.maccosmetics.co.uk/"/account/favorites/index.tmpl">Favourites</a>'
                 data-default-fav='2068'>
                <i class="icon--heart-o"></i>
              </a>
              <div class="product__price ">
                      
                        
                        <span class="product__price--standard">£14.50 </span>
              </div>
              <div class="product__price_ppu">
              <span class="product__price_ppu--inside"></span></div>
              
              
              <ul class="product__inventory-status js-inv-status-list temp-out-of-stock_notifyme-spacing" data-sku-base-id="">
                <li class="js-inv-status-2 product__inv-status-item temp-out-of-stock display__notify-me">
                                  <div class="notify-status js-add-button" >
                  <a href="#" class ="js-notify-me notify_me" data-sku-inv-status=""  data-sku-base-id="">Notify Me!</a>
                </div>

                  <div class="temp-out-of-stock__text">Temp Out of Stock</div>
                  <div class="temp-out-of-stock-short__text">Temp Out of Stock</div>
                </li>
                <li class="js-inv-status-3 product__inv-status-item coming-soon display__notify-me ">                <div class="notify-status js-add-button" >
                  <a href="#" class ="js-notify-me notify_me" data-sku-inv-status=""  data-sku-base-id="">Notify Me!</a>
                </div>
<div class="coming-soon_text">Coming soon</div></li>
                <li class="js-inv-status-5 product__inv-status-item inactive">Sorry, this item is inactive.</li>
                <li class="js-inv-status-7 product__inv-status-item sold-out btn">Sold Out</li>
              </ul>
              <a class="product__link-to-spp js-product__link-to-spp" href="http://www.maccosmetics.co.uk/product/13838/326/products/makeup/eyes/liner/eye-pencil" data-product='{"prodid": "PROD326", "sku": ""}'  >Shop <span id="sku_count">2</span> Shades</a>
              <a class="product__link-custom js-product__link-to-spp" href="http://www.maccosmetics.co.uk/product/13838/326/products/makeup/eyes/liner/eye-pencil" data-product='{"prodid": "PROD326", "sku": ""}'></a>
              <a class="product__replenish hide-non-shoppable-product hide-non-orderable-product overlay-link" href="#" data-product='{"prodid": "PROD326", "sku": ""}'></a>
            
            </footer>
          </div>
      
        </div>
      
      
      
      
      
      
          <div class="js-shade-picker__color"></div>
      
      
      </div>
    </div>
    <div data-match-height="mpp-items" class="grid--mpp__item" style="height: 480px;" data-sku-target="SKU77374" data-sku-base-target="77374">
      <div class="product
        
        
        
        
         product--teaser
        
        
        
         product--sku-product
        
        
         product--defaultSku
        
        "
        id="product--prod_id-PROD46274"
        data-product='{"prodid":"PROD46274","sku":"SKU77374"}'
        data-product-id="PROD46274"
        
        
        
        >
        <div class="product__detail">
          <div class="product__sku-details" id="product-detail-attach">
            <header class="product__header">
              <div class="product_header_details">
                <a class="product__name-link js-product__link-to-spp" href="http://www.maccosmetics.co.uk/product/13837/46274/products/makeup/eyes/lash/51-lash-kabuki-magic">
                    <h3 class="product__name">#51 Lash / Kabuki Magic</h3>
                    <h3 class="product__name product__name_short"></h3>
                </a>
            
                    <p class="product__description-short">Wispy Winged Shape, Natural Length, Limited Edition</p>
            
                  <div class="product__rating">
                    <span class="product__rating-non"></span></div>
                <div class="product__price">
                         
                          
                           <span class="product__price--standard">£11.50 </span>
                </div>
                <div class="product__faves--teaser product__faves--teaser_mobile">            <a class="product__add-to-faves add-to-favorites js-add-to-favorites"
               
               href="#"
               data-product='{"prodid": "PROD46274", "sku": "", "SKU_BASE_ID": ""}'
               data-tooltip-added='Added to &lt;a href=http://www.maccosmetics.co.uk/"/account/favorites/index.tmpl">Favourites</a>!'
               data-tooltip-removed='Item has been removed from your &lt;a href=http://www.maccosmetics.co.uk/"/account/favorites/index.tmpl">Favourites</a>'
               data-default-fav='77374'>
              <i class="icon--heart-o"></i>
            </a>
</div>
                <div class="product__price_set ">
                  <div class="product__price_ppu clear">
                  <span class="product__price_ppu--inside"></span></div>
                  
                </div>
                  <div class="product__faves--teaser">            <a class="product__add-to-faves add-to-favorites js-add-to-favorites"
               
               href="#"
               data-product='{"prodid": "PROD46274", "sku": "", "SKU_BASE_ID": ""}'
               data-tooltip-added='Added to &lt;a href=http://www.maccosmetics.co.uk/"/account/favorites/index.tmpl">Favourites</a>!'
               data-tooltip-removed='Item has been removed from your &lt;a href=http://www.maccosmetics.co.uk/"/account/favorites/index.tmpl">Favourites</a>'
               data-default-fav='77374'>
              <i class="icon--heart-o"></i>
            </a>
</div>
            
            
            
            
            
            </header>
            
            <div class="product__images js-shade-trigger">
            
              <div class="product__images-inner carousel-wrapper">
            
            
                  <div class="product__image-medium ">
                    <div class="js-inv-status-2 product__inv-status-item temp-out-of-stock__text">Temp Out of Stock</div> 
                    <div class="js-inv-status-3 product__inv-status-item coming_soon-full_text">Coming soon</div>
                    <a class="product__image-medium-link js-product__link-to-spp" href="http://www.maccosmetics.co.uk/product/13837/46274/products/makeup/eyes/lash/51-lash-kabuki-magic">
             
                        <img class="product__sku-image--rendered--medium fade-non-shoppable-product" src="http://www.maccosmetics.co.uk/media/export/cms/products/280x320/mac_sku_S4JY01_280x320_0.jpg" alt="" title="#51 Lash / Kabuki Magic" />
                    </a>
                  </div>
            
              </div>
            </div>
            
            
            <footer class="product__footer">
            
            
            
              
              
             
              <div class="product__size">  </div>
            
              <div class="product_content_fav_mobile ">
              <a class="product__add-to-faves add-to-favorites js-add-to-favorites"
                 
                 href="#"
                 data-product='{"prodid": "PROD46274", "sku": "", "SKU_BASE_ID": ""}'
                 data-tooltip-added='Added to &lt;a href=http://www.maccosmetics.co.uk/"/account/favorites/index.tmpl">Favourites</a>!'
                 data-tooltip-removed='Item has been removed from your &lt;a href=http://www.maccosmetics.co.uk/"/account/favorites/index.tmpl">Favourites</a>'
                 data-default-fav='77374'>
                <i class="icon--heart-o"></i>
              </a>
              <div class="product__price ">
                      
                        
                        <span class="product__price--standard">£11.50 </span>
              </div>
              <div class="product__price_ppu">
              <span class="product__price_ppu--inside"></span></div>
              
              
              <ul class="product__inventory-status js-inv-status-list temp-out-of-stock_notifyme-spacing" data-sku-base-id="">
                <li class="js-inv-status-2 product__inv-status-item temp-out-of-stock display__notify-me">
                                  <div class="notify-status js-add-button" >
                  <a href="#" class ="js-notify-me notify_me" data-sku-inv-status=""  data-sku-base-id="">Notify Me!</a>
                </div>

                  <div class="temp-out-of-stock__text">Temp Out of Stock</div>
                  <div class="temp-out-of-stock-short__text">Temp Out of Stock</div>
                </li>
                <li class="js-inv-status-3 product__inv-status-item coming-soon display__notify-me ">                <div class="notify-status js-add-button" >
                  <a href="#" class ="js-notify-me notify_me" data-sku-inv-status=""  data-sku-base-id="">Notify Me!</a>
                </div>
<div class="coming-soon_text">Coming soon</div></li>
                <li class="js-inv-status-5 product__inv-status-item inactive">Sorry, this item is inactive.</li>
                <li class="js-inv-status-7 product__inv-status-item sold-out btn">Sold Out</li>
              </ul>
              <a class="product__link-to-spp js-product__link-to-spp" href="http://www.maccosmetics.co.uk/product/13837/46274/products/makeup/eyes/lash/51-lash-kabuki-magic" data-product='{"prodid": "PROD46274", "sku": ""}'  >Shop <span id="sku_count"></span> Shades</a>
              <a class="product__link-custom js-product__link-to-spp" href="http://www.maccosmetics.co.uk/product/13837/46274/products/makeup/eyes/lash/51-lash-kabuki-magic" data-product='{"prodid": "PROD46274", "sku": ""}'></a>
              <a class="product__replenish hide-non-shoppable-product hide-non-orderable-product overlay-link" href="#" data-product='{"prodid": "PROD46274", "sku": ""}'></a>
            
            </footer>
          </div>
      
        </div>
      
      
      
      </div>
    </div>
    <div data-match-height="mpp-items" class="grid--mpp__item" style="height: 480px;" data-sku-target="SKU77315" data-sku-base-target="77315">
      <div class="product
        
        
        
        
         product--teaser
         product--shaded
        
        
         product--sku-product
        
        
         product--defaultSku
        
        "
        id="product--prod_id-PROD46224"
        data-product='{"prodid":"PROD46224","sku":"SKU77315"}'
        data-product-id="PROD46224"
        
        
        
        >
        <div class="product__detail">
          <div class="product__sku-details" id="product-detail-attach">
            <header class="product__header">
              <div class="product_header_details">
                <a class="product__name-link js-product__link-to-spp" href="http://www.maccosmetics.co.uk/product/13854/46224/products/makeup/lips/lipstick/retro-matte-liquid-lipcolour-kabuki-magic#/shade/Sweet_Thing">
                    <h3 class="product__name">Retro Matte Liquid Lipcolour / Kabuki Magic</h3>
                    <h3 class="product__name product__name_short"></h3>
                </a>
            
                    <p class="product__description-short">Liquid Lipstick, Matte Finish, Limited Edition</p>
            
                  <div class="product__rating">
                    <div class="product__rating-stars">
                      <div style="width: 100%;" class="product__rating-percentage">
                        <div class="product__rating-stars-rating"></div>
                      </div>
                    </div>
                  </div>
                <div class="product__price">
                         
                          
                           <span class="product__price--standard">£17.50 </span>
                </div>
                <div class="product__faves--teaser product__faves--teaser_mobile">            <a class="product__add-to-faves add-to-favorites js-add-to-favorites"
               
               href="#"
               data-product='{"prodid": "PROD46224", "sku": "", "SKU_BASE_ID": ""}'
               data-tooltip-added='Added to &lt;a href=http://www.maccosmetics.co.uk/"/account/favorites/index.tmpl">Favourites</a>!'
               data-tooltip-removed='Item has been removed from your &lt;a href=http://www.maccosmetics.co.uk/"/account/favorites/index.tmpl">Favourites</a>'
               data-default-fav='77315'>
              <i class="icon--heart-o"></i>
            </a>
</div>
                <div class="product__price_set ">
                  <div class="product__price_ppu clear">
                  <span class="product__price_ppu--inside"></span></div>
                  
                </div>
                  <div class="product__faves--teaser">            <a class="product__add-to-faves add-to-favorites js-add-to-favorites"
               
               href="#"
               data-product='{"prodid": "PROD46224", "sku": "", "SKU_BASE_ID": ""}'
               data-tooltip-added='Added to &lt;a href=http://www.maccosmetics.co.uk/"/account/favorites/index.tmpl">Favourites</a>!'
               data-tooltip-removed='Item has been removed from your &lt;a href=http://www.maccosmetics.co.uk/"/account/favorites/index.tmpl">Favourites</a>'
               data-default-fav='77315'>
              <i class="icon--heart-o"></i>
            </a>
</div>
            
            
            
            
            
            </header>
            
            <div class="product__images js-shade-trigger">
            
              <div class="product__images-inner carousel-wrapper">
            
            
                  <div class="product__image-medium ">
                    <div class="js-inv-status-2 product__inv-status-item temp-out-of-stock__text">Temp Out of Stock</div> 
                    <div class="js-inv-status-3 product__inv-status-item coming_soon-full_text">Coming soon</div>
                    <a class="product__image-medium-link js-product__link-to-spp" href="http://www.maccosmetics.co.uk/product/13854/46224/products/makeup/lips/lipstick/retro-matte-liquid-lipcolour-kabuki-magic#/shade/Sweet_Thing">
             
                        <img class="product__sku-image--rendered--medium fade-non-shoppable-product" src="http://www.maccosmetics.co.uk/media/export/cms/products/280x320/mac_sku_S4GL26_280x320_0.jpg" alt="" title="Retro Matte Liquid Lipcolour / Kabuki Magic" />
                    </a>
                  </div>
            
              </div>
            </div>
            
            
            <footer class="product__footer">
                <div class="view-all-shades view-all-shades--mobile hide-xlarge-up js-trigger-mobile-shade-selector">
                  <span class="view-all-shades__text">Shop <span id="sku_count">4</span> Shades</span>
                </div>
            
                <div class="product__product-details-shade">
            
                  <div class="product__product-details-shade-smoosh shade-picker__color-wrapper">
                    <a class="js-product__link-to-spp js-trigger-mobile-shade-selector" href="http://www.maccosmetics.co.uk/product/13854/46224/products/makeup/lips/lipstick/retro-matte-liquid-lipcolour-kabuki-magic#/shade/Sweet_Thing"><div class="shade-picker__color-texture" style="background-image: url('http://www.maccosmetics.co.uk/media/export/cms/products/smoosh/mac_smoosh_S4GL25.jpg'); background-color: "></div></a>
                  </div>
            
                  <div class="product__product-details-shade-name" style="color:;"></div>
                  <div class="product__product-details-shade-description"><a href="#" class="product__product-life-tooltip js-shade-description-tooltip" data-title=""></a></div>
                </div>
            
            
            
              
              
             
              <div class="product__size"> 5 ml </div>
            
              <div class="product_content_fav_mobile ">
              <a class="product__add-to-faves add-to-favorites js-add-to-favorites"
                 
                 href="#"
                 data-product='{"prodid": "PROD46224", "sku": "", "SKU_BASE_ID": ""}'
                 data-tooltip-added='Added to &lt;a href=http://www.maccosmetics.co.uk/"/account/favorites/index.tmpl">Favourites</a>!'
                 data-tooltip-removed='Item has been removed from your &lt;a href=http://www.maccosmetics.co.uk/"/account/favorites/index.tmpl">Favourites</a>'
                 data-default-fav='77315'>
                <i class="icon--heart-o"></i>
              </a>
              <div class="product__price ">
                      
                        
                        <span class="product__price--standard">£17.50 </span>
              </div>
              <div class="product__price_ppu">
              <span class="product__price_ppu--inside"></span></div>
              
              
              <ul class="product__inventory-status js-inv-status-list temp-out-of-stock_notifyme-spacing" data-sku-base-id="">
                <li class="js-inv-status-2 product__inv-status-item temp-out-of-stock display__notify-me">
                                  <div class="notify-status js-add-button" >
                  <a href="#" class ="js-notify-me notify_me" data-sku-inv-status=""  data-sku-base-id="">Notify Me!</a>
                </div>

                  <div class="temp-out-of-stock__text">Temp Out of Stock</div>
                  <div class="temp-out-of-stock-short__text">Temp Out of Stock</div>
                </li>
                <li class="js-inv-status-3 product__inv-status-item coming-soon display__notify-me ">                <div class="notify-status js-add-button" >
                  <a href="#" class ="js-notify-me notify_me" data-sku-inv-status=""  data-sku-base-id="">Notify Me!</a>
                </div>
<div class="coming-soon_text">Coming soon</div></li>
                <li class="js-inv-status-5 product__inv-status-item inactive">Sorry, this item is inactive.</li>
                <li class="js-inv-status-7 product__inv-status-item sold-out btn">Sold Out</li>
              </ul>
              <a class="product__link-to-spp js-product__link-to-spp" href="http://www.maccosmetics.co.uk/product/13854/46224/products/makeup/lips/lipstick/retro-matte-liquid-lipcolour-kabuki-magic" data-product='{"prodid": "PROD46224", "sku": ""}'  >Shop <span id="sku_count">4</span> Shades</a>
              <a class="product__link-custom js-product__link-to-spp" href="http://www.maccosmetics.co.uk/product/13854/46224/products/makeup/lips/lipstick/retro-matte-liquid-lipcolour-kabuki-magic" data-product='{"prodid": "PROD46224", "sku": ""}'></a>
              <a class="product__replenish hide-non-shoppable-product hide-non-orderable-product overlay-link" href="#" data-product='{"prodid": "PROD46224", "sku": ""}'></a>
            
            </footer>
          </div>
      
        </div>
      
      
      
      
      
      
          <div class="js-shade-picker__color"></div>
      
      
      </div>
    </div>
    <div data-match-height="mpp-items" class="grid--mpp__item" style="height: 480px;" data-sku-target="SKU77317" data-sku-base-target="77317">
      <div class="product
        
        
        
        
         product--teaser
         product--shaded
        
        
         product--sku-product
        
        
         product--defaultSku
        
        "
        id="product--prod_id-PROD46224"
        data-product='{"prodid":"PROD46224","sku":"SKU77317"}'
        data-product-id="PROD46224"
        
        
        
        >
        <div class="product__detail">
          <div class="product__sku-details" id="product-detail-attach">
            <header class="product__header">
              <div class="product_header_details">
                <a class="product__name-link js-product__link-to-spp" href="http://www.maccosmetics.co.uk/product/13854/46224/products/makeup/lips/lipstick/retro-matte-liquid-lipcolour-kabuki-magic#/shade/This_Modern_Age">
                    <h3 class="product__name">Retro Matte Liquid Lipcolour / Kabuki Magic</h3>
                    <h3 class="product__name product__name_short"></h3>
                </a>
            
                    <p class="product__description-short">Liquid Lipstick, Matte Finish, Limited Edition</p>
            
                  <div class="product__rating">
                    <div class="product__rating-stars">
                      <div style="width: 100%;" class="product__rating-percentage">
                        <div class="product__rating-stars-rating"></div>
                      </div>
                    </div>
                  </div>
                <div class="product__price">
                         
                          
                           <span class="product__price--standard">£17.50 </span>
                </div>
                <div class="product__faves--teaser product__faves--teaser_mobile">            <a class="product__add-to-faves add-to-favorites js-add-to-favorites"
               
               href="#"
               data-product='{"prodid": "PROD46224", "sku": "", "SKU_BASE_ID": ""}'
               data-tooltip-added='Added to &lt;a href=http://www.maccosmetics.co.uk/"/account/favorites/index.tmpl">Favourites</a>!'
               data-tooltip-removed='Item has been removed from your &lt;a href=http://www.maccosmetics.co.uk/"/account/favorites/index.tmpl">Favourites</a>'
               data-default-fav='77317'>
              <i class="icon--heart-o"></i>
            </a>
</div>
                <div class="product__price_set ">
                  <div class="product__price_ppu clear">
                  <span class="product__price_ppu--inside"></span></div>
                  
                </div>
                  <div class="product__faves--teaser">            <a class="product__add-to-faves add-to-favorites js-add-to-favorites"
               
               href="#"
               data-product='{"prodid": "PROD46224", "sku": "", "SKU_BASE_ID": ""}'
               data-tooltip-added='Added to &lt;a href=http://www.maccosmetics.co.uk/"/account/favorites/index.tmpl">Favourites</a>!'
               data-tooltip-removed='Item has been removed from your &lt;a href=http://www.maccosmetics.co.uk/"/account/favorites/index.tmpl">Favourites</a>'
               data-default-fav='77317'>
              <i class="icon--heart-o"></i>
            </a>
</div>
            
            
            
            
            
            </header>
            
            <div class="product__images js-shade-trigger">
            
              <div class="product__images-inner carousel-wrapper">
            
            
                  <div class="product__image-medium ">
                    <div class="js-inv-status-2 product__inv-status-item temp-out-of-stock__text">Temp Out of Stock</div> 
                    <div class="js-inv-status-3 product__inv-status-item coming_soon-full_text">Coming soon</div>
                    <a class="product__image-medium-link js-product__link-to-spp" href="http://www.maccosmetics.co.uk/product/13854/46224/products/makeup/lips/lipstick/retro-matte-liquid-lipcolour-kabuki-magic#/shade/This_Modern_Age">
             
                        <img class="product__sku-image--rendered--medium fade-non-shoppable-product" src="http://www.maccosmetics.co.uk/media/export/cms/products/280x320/mac_sku_S4GL28_280x320_0.jpg" alt="" title="Retro Matte Liquid Lipcolour / Kabuki Magic" />
                    </a>
                  </div>
            
              </div>
            </div>
            
            
            <footer class="product__footer">
                <div class="view-all-shades view-all-shades--mobile hide-xlarge-up js-trigger-mobile-shade-selector">
                  <span class="view-all-shades__text">Shop <span id="sku_count">4</span> Shades</span>
                </div>
            
                <div class="product__product-details-shade">
            
                  <div class="product__product-details-shade-smoosh shade-picker__color-wrapper">
                    <a class="js-product__link-to-spp js-trigger-mobile-shade-selector" href="http://www.maccosmetics.co.uk/product/13854/46224/products/makeup/lips/lipstick/retro-matte-liquid-lipcolour-kabuki-magic#/shade/This_Modern_Age"><div class="shade-picker__color-texture" style="background-image: url('http://www.maccosmetics.co.uk/media/export/cms/products/smoosh/mac_smoosh_S4GL25.jpg'); background-color: "></div></a>
                  </div>
            
                  <div class="product__product-details-shade-name" style="color:;"></div>
                  <div class="product__product-details-shade-description"><a href="#" class="product__product-life-tooltip js-shade-description-tooltip" data-title=""></a></div>
                </div>
            
            
            
              
              
             
              <div class="product__size"> 5 ml </div>
            
              <div class="product_content_fav_mobile ">
              <a class="product__add-to-faves add-to-favorites js-add-to-favorites"
                 
                 href="#"
                 data-product='{"prodid": "PROD46224", "sku": "", "SKU_BASE_ID": ""}'
                 data-tooltip-added='Added to &lt;a href=http://www.maccosmetics.co.uk/"/account/favorites/index.tmpl">Favourites</a>!'
                 data-tooltip-removed='Item has been removed from your &lt;a href=http://www.maccosmetics.co.uk/"/account/favorites/index.tmpl">Favourites</a>'
                 data-default-fav='77317'>
                <i class="icon--heart-o"></i>
              </a>
              <div class="product__price ">
                      
                        
                        <span class="product__price--standard">£17.50 </span>
              </div>
              <div class="product__price_ppu">
              <span class="product__price_ppu--inside"></span></div>
              
              
              <ul class="product__inventory-status js-inv-status-list temp-out-of-stock_notifyme-spacing" data-sku-base-id="">
                <li class="js-inv-status-2 product__inv-status-item temp-out-of-stock display__notify-me">
                                  <div class="notify-status js-add-button" >
                  <a href="#" class ="js-notify-me notify_me" data-sku-inv-status=""  data-sku-base-id="">Notify Me!</a>
                </div>

                  <div class="temp-out-of-stock__text">Temp Out of Stock</div>
                  <div class="temp-out-of-stock-short__text">Temp Out of Stock</div>
                </li>
                <li class="js-inv-status-3 product__inv-status-item coming-soon display__notify-me ">                <div class="notify-status js-add-button" >
                  <a href="#" class ="js-notify-me notify_me" data-sku-inv-status=""  data-sku-base-id="">Notify Me!</a>
                </div>
<div class="coming-soon_text">Coming soon</div></li>
                <li class="js-inv-status-5 product__inv-status-item inactive">Sorry, this item is inactive.</li>
                <li class="js-inv-status-7 product__inv-status-item sold-out btn">Sold Out</li>
              </ul>
              <a class="product__link-to-spp js-product__link-to-spp" href="http://www.maccosmetics.co.uk/product/13854/46224/products/makeup/lips/lipstick/retro-matte-liquid-lipcolour-kabuki-magic" data-product='{"prodid": "PROD46224", "sku": ""}'  >Shop <span id="sku_count">4</span> Shades</a>
              <a class="product__link-custom js-product__link-to-spp" href="http://www.maccosmetics.co.uk/product/13854/46224/products/makeup/lips/lipstick/retro-matte-liquid-lipcolour-kabuki-magic" data-product='{"prodid": "PROD46224", "sku": ""}'></a>
              <a class="product__replenish hide-non-shoppable-product hide-non-orderable-product overlay-link" href="#" data-product='{"prodid": "PROD46224", "sku": ""}'></a>
            
            </footer>
          </div>
      
        </div>
      
      
      
      
      
      
          <div class="js-shade-picker__color"></div>
      
      
      </div>
    </div>
    <div data-match-height="mpp-items" class="grid--mpp__item" style="height: 480px;" data-sku-target="SKU77316" data-sku-base-target="77316">
      <div class="product
        
        
        
        
         product--teaser
         product--shaded
        
        
         product--sku-product
        
        
         product--defaultSku
        
        "
        id="product--prod_id-PROD46224"
        data-product='{"prodid":"PROD46224","sku":"SKU77316"}'
        data-product-id="PROD46224"
        
        
        
        >
        <div class="product__detail">
          <div class="product__sku-details" id="product-detail-attach">
            <header class="product__header">
              <div class="product_header_details">
                <a class="product__name-link js-product__link-to-spp" href="http://www.maccosmetics.co.uk/product/13854/46224/products/makeup/lips/lipstick/retro-matte-liquid-lipcolour-kabuki-magic#/shade/Flamingo_Road">
                    <h3 class="product__name">Retro Matte Liquid Lipcolour / Kabuki Magic</h3>
                    <h3 class="product__name product__name_short"></h3>
                </a>
            
                    <p class="product__description-short">Liquid Lipstick, Matte Finish, Limited Edition</p>
            
                  <div class="product__rating">
                    <div class="product__rating-stars">
                      <div style="width: 100%;" class="product__rating-percentage">
                        <div class="product__rating-stars-rating"></div>
                      </div>
                    </div>
                  </div>
                <div class="product__price">
                         
                          
                           <span class="product__price--standard">£17.50 </span>
                </div>
                <div class="product__faves--teaser product__faves--teaser_mobile">            <a class="product__add-to-faves add-to-favorites js-add-to-favorites"
               
               href="#"
               data-product='{"prodid": "PROD46224", "sku": "", "SKU_BASE_ID": ""}'
               data-tooltip-added='Added to &lt;a href=http://www.maccosmetics.co.uk/"/account/favorites/index.tmpl">Favourites</a>!'
               data-tooltip-removed='Item has been removed from your &lt;a href=http://www.maccosmetics.co.uk/"/account/favorites/index.tmpl">Favourites</a>'
               data-default-fav='77316'>
              <i class="icon--heart-o"></i>
            </a>
</div>
                <div class="product__price_set ">
                  <div class="product__price_ppu clear">
                  <span class="product__price_ppu--inside"></span></div>
                  
                </div>
                  <div class="product__faves--teaser">            <a class="product__add-to-faves add-to-favorites js-add-to-favorites"
               
               href="#"
               data-product='{"prodid": "PROD46224", "sku": "", "SKU_BASE_ID": ""}'
               data-tooltip-added='Added to &lt;a href=http://www.maccosmetics.co.uk/"/account/favorites/index.tmpl">Favourites</a>!'
               data-tooltip-removed='Item has been removed from your &lt;a href=http://www.maccosmetics.co.uk/"/account/favorites/index.tmpl">Favourites</a>'
               data-default-fav='77316'>
              <i class="icon--heart-o"></i>
            </a>
</div>
            
            
            
            
            
            </header>
            
            <div class="product__images js-shade-trigger">
            
              <div class="product__images-inner carousel-wrapper">
            
            
                  <div class="product__image-medium ">
                    <div class="js-inv-status-2 product__inv-status-item temp-out-of-stock__text">Temp Out of Stock</div> 
                    <div class="js-inv-status-3 product__inv-status-item coming_soon-full_text">Coming soon</div>
                    <a class="product__image-medium-link js-product__link-to-spp" href="http://www.maccosmetics.co.uk/product/13854/46224/products/makeup/lips/lipstick/retro-matte-liquid-lipcolour-kabuki-magic#/shade/Flamingo_Road">
             
                        <img class="product__sku-image--rendered--medium fade-non-shoppable-product" src="http://www.maccosmetics.co.uk/media/export/cms/products/280x320/mac_sku_S4GL27_280x320_0.jpg" alt="" title="Retro Matte Liquid Lipcolour / Kabuki Magic" />
                    </a>
                  </div>
            
              </div>
            </div>
            
            
            <footer class="product__footer">
                <div class="view-all-shades view-all-shades--mobile hide-xlarge-up js-trigger-mobile-shade-selector">
                  <span class="view-all-shades__text">Shop <span id="sku_count">4</span> Shades</span>
                </div>
            
                <div class="product__product-details-shade">
            
                  <div class="product__product-details-shade-smoosh shade-picker__color-wrapper">
                    <a class="js-product__link-to-spp js-trigger-mobile-shade-selector" href="http://www.maccosmetics.co.uk/product/13854/46224/products/makeup/lips/lipstick/retro-matte-liquid-lipcolour-kabuki-magic#/shade/Flamingo_Road"><div class="shade-picker__color-texture" style="background-image: url('http://www.maccosmetics.co.uk/media/export/cms/products/smoosh/mac_smoosh_S4GL25.jpg'); background-color: "></div></a>
                  </div>
            
                  <div class="product__product-details-shade-name" style="color:;"></div>
                  <div class="product__product-details-shade-description"><a href="#" class="product__product-life-tooltip js-shade-description-tooltip" data-title=""></a></div>
                </div>
            
            
            
              
              
             
              <div class="product__size"> 5 ml </div>
            
              <div class="product_content_fav_mobile ">
              <a class="product__add-to-faves add-to-favorites js-add-to-favorites"
                 
                 href="#"
                 data-product='{"prodid": "PROD46224", "sku": "", "SKU_BASE_ID": ""}'
                 data-tooltip-added='Added to &lt;a href=http://www.maccosmetics.co.uk/"/account/favorites/index.tmpl">Favourites</a>!'
                 data-tooltip-removed='Item has been removed from your &lt;a href=http://www.maccosmetics.co.uk/"/account/favorites/index.tmpl">Favourites</a>'
                 data-default-fav='77316'>
                <i class="icon--heart-o"></i>
              </a>
              <div class="product__price ">
                      
                        
                        <span class="product__price--standard">£17.50 </span>
              </div>
              <div class="product__price_ppu">
              <span class="product__price_ppu--inside"></span></div>
              
              
              <ul class="product__inventory-status js-inv-status-list temp-out-of-stock_notifyme-spacing" data-sku-base-id="">
                <li class="js-inv-status-2 product__inv-status-item temp-out-of-stock display__notify-me">
                                  <div class="notify-status js-add-button" >
                  <a href="#" class ="js-notify-me notify_me" data-sku-inv-status=""  data-sku-base-id="">Notify Me!</a>
                </div>

                  <div class="temp-out-of-stock__text">Temp Out of Stock</div>
                  <div class="temp-out-of-stock-short__text">Temp Out of Stock</div>
                </li>
                <li class="js-inv-status-3 product__inv-status-item coming-soon display__notify-me ">                <div class="notify-status js-add-button" >
                  <a href="#" class ="js-notify-me notify_me" data-sku-inv-status=""  data-sku-base-id="">Notify Me!</a>
                </div>
<div class="coming-soon_text">Coming soon</div></li>
                <li class="js-inv-status-5 product__inv-status-item inactive">Sorry, this item is inactive.</li>
                <li class="js-inv-status-7 product__inv-status-item sold-out btn">Sold Out</li>
              </ul>
              <a class="product__link-to-spp js-product__link-to-spp" href="http://www.maccosmetics.co.uk/product/13854/46224/products/makeup/lips/lipstick/retro-matte-liquid-lipcolour-kabuki-magic" data-product='{"prodid": "PROD46224", "sku": ""}'  >Shop <span id="sku_count">4</span> Shades</a>
              <a class="product__link-custom js-product__link-to-spp" href="http://www.maccosmetics.co.uk/product/13854/46224/products/makeup/lips/lipstick/retro-matte-liquid-lipcolour-kabuki-magic" data-product='{"prodid": "PROD46224", "sku": ""}'></a>
              <a class="product__replenish hide-non-shoppable-product hide-non-orderable-product overlay-link" href="#" data-product='{"prodid": "PROD46224", "sku": ""}'></a>
            
            </footer>
          </div>
      
        </div>
      
      
      
      
      
      
          <div class="js-shade-picker__color"></div>
      
      
      </div>
    </div>
    <div data-match-height="mpp-items" class="grid--mpp__item" style="height: 480px;" data-sku-target="SKU77314" data-sku-base-target="77314">
      <div class="product
        
        
        
        
         product--teaser
         product--shaded
        
        
         product--sku-product
        
        
         product--defaultSku
        
        "
        id="product--prod_id-PROD46224"
        data-product='{"prodid":"PROD46224","sku":"SKU77314"}'
        data-product-id="PROD46224"
        
        
        
        >
        <div class="product__detail">
          <div class="product__sku-details" id="product-detail-attach">
            <header class="product__header">
              <div class="product_header_details">
                <a class="product__name-link js-product__link-to-spp" href="http://www.maccosmetics.co.uk/product/13854/46224/products/makeup/lips/lipstick/retro-matte-liquid-lipcolour-kabuki-magic#/shade/Fallen_Angel">
                    <h3 class="product__name">Retro Matte Liquid Lipcolour / Kabuki Magic</h3>
                    <h3 class="product__name product__name_short"></h3>
                </a>
            
                    <p class="product__description-short">Liquid Lipstick, Matte Finish, Limited Edition</p>
            
                  <div class="product__rating">
                    <div class="product__rating-stars">
                      <div style="width: 100%;" class="product__rating-percentage">
                        <div class="product__rating-stars-rating"></div>
                      </div>
                    </div>
                  </div>
                <div class="product__price">
                         
                          
                           <span class="product__price--standard">£17.50 </span>
                </div>
                <div class="product__faves--teaser product__faves--teaser_mobile">            <a class="product__add-to-faves add-to-favorites js-add-to-favorites"
               
               href="#"
               data-product='{"prodid": "PROD46224", "sku": "", "SKU_BASE_ID": ""}'
               data-tooltip-added='Added to &lt;a href=http://www.maccosmetics.co.uk/"/account/favorites/index.tmpl">Favourites</a>!'
               data-tooltip-removed='Item has been removed from your &lt;a href=http://www.maccosmetics.co.uk/"/account/favorites/index.tmpl">Favourites</a>'
               data-default-fav='77314'>
              <i class="icon--heart-o"></i>
            </a>
</div>
                <div class="product__price_set ">
                  <div class="product__price_ppu clear">
                  <span class="product__price_ppu--inside"></span></div>
                  
                </div>
                  <div class="product__faves--teaser">            <a class="product__add-to-faves add-to-favorites js-add-to-favorites"
               
               href="#"
               data-product='{"prodid": "PROD46224", "sku": "", "SKU_BASE_ID": ""}'
               data-tooltip-added='Added to &lt;a href=http://www.maccosmetics.co.uk/"/account/favorites/index.tmpl">Favourites</a>!'
               data-tooltip-removed='Item has been removed from your &lt;a href=http://www.maccosmetics.co.uk/"/account/favorites/index.tmpl">Favourites</a>'
               data-default-fav='77314'>
              <i class="icon--heart-o"></i>
            </a>
</div>
            
            
            
            
            
            </header>
            
            <div class="product__images js-shade-trigger">
            
              <div class="product__images-inner carousel-wrapper">
            
            
                  <div class="product__image-medium ">
                    <div class="js-inv-status-2 product__inv-status-item temp-out-of-stock__text">Temp Out of Stock</div> 
                    <div class="js-inv-status-3 product__inv-status-item coming_soon-full_text">Coming soon</div>
                    <a class="product__image-medium-link js-product__link-to-spp" href="http://www.maccosmetics.co.uk/product/13854/46224/products/makeup/lips/lipstick/retro-matte-liquid-lipcolour-kabuki-magic#/shade/Fallen_Angel">
             
                        <img class="product__sku-image--rendered--medium fade-non-shoppable-product" src="http://www.maccosmetics.co.uk/media/export/cms/products/280x320/mac_sku_S4GL25_280x320_0.jpg" alt="" title="Retro Matte Liquid Lipcolour / Kabuki Magic" />
                    </a>
                  </div>
            
              </div>
            </div>
            
            
            <footer class="product__footer">
                <div class="view-all-shades view-all-shades--mobile hide-xlarge-up js-trigger-mobile-shade-selector">
                  <span class="view-all-shades__text">Shop <span id="sku_count">4</span> Shades</span>
                </div>
            
                <div class="product__product-details-shade">
            
                  <div class="product__product-details-shade-smoosh shade-picker__color-wrapper">
                    <a class="js-product__link-to-spp js-trigger-mobile-shade-selector" href="http://www.maccosmetics.co.uk/product/13854/46224/products/makeup/lips/lipstick/retro-matte-liquid-lipcolour-kabuki-magic#/shade/Fallen_Angel"><div class="shade-picker__color-texture" style="background-image: url('http://www.maccosmetics.co.uk/media/export/cms/products/smoosh/mac_smoosh_S4GL25.jpg'); background-color: "></div></a>
                  </div>
            
                  <div class="product__product-details-shade-name" style="color:;"></div>
                  <div class="product__product-details-shade-description"><a href="#" class="product__product-life-tooltip js-shade-description-tooltip" data-title=""></a></div>
                </div>
            
            
            
              
              
             
              <div class="product__size"> 5 ml </div>
            
              <div class="product_content_fav_mobile ">
              <a class="product__add-to-faves add-to-favorites js-add-to-favorites"
                 
                 href="#"
                 data-product='{"prodid": "PROD46224", "sku": "", "SKU_BASE_ID": ""}'
                 data-tooltip-added='Added to &lt;a href=http://www.maccosmetics.co.uk/"/account/favorites/index.tmpl">Favourites</a>!'
                 data-tooltip-removed='Item has been removed from your &lt;a href=http://www.maccosmetics.co.uk/"/account/favorites/index.tmpl">Favourites</a>'
                 data-default-fav='77314'>
                <i class="icon--heart-o"></i>
              </a>
              <div class="product__price ">
                      
                        
                        <span class="product__price--standard">£17.50 </span>
              </div>
              <div class="product__price_ppu">
              <span class="product__price_ppu--inside"></span></div>
              
              
              <ul class="product__inventory-status js-inv-status-list temp-out-of-stock_notifyme-spacing" data-sku-base-id="">
                <li class="js-inv-status-2 product__inv-status-item temp-out-of-stock display__notify-me">
                                  <div class="notify-status js-add-button" >
                  <a href="#" class ="js-notify-me notify_me" data-sku-inv-status=""  data-sku-base-id="">Notify Me!</a>
                </div>

                  <div class="temp-out-of-stock__text">Temp Out of Stock</div>
                  <div class="temp-out-of-stock-short__text">Temp Out of Stock</div>
                </li>
                <li class="js-inv-status-3 product__inv-status-item coming-soon display__notify-me ">                <div class="notify-status js-add-button" >
                  <a href="#" class ="js-notify-me notify_me" data-sku-inv-status=""  data-sku-base-id="">Notify Me!</a>
                </div>
<div class="coming-soon_text">Coming soon</div></li>
                <li class="js-inv-status-5 product__inv-status-item inactive">Sorry, this item is inactive.</li>
                <li class="js-inv-status-7 product__inv-status-item sold-out btn">Sold Out</li>
              </ul>
              <a class="product__link-to-spp js-product__link-to-spp" href="http://www.maccosmetics.co.uk/product/13854/46224/products/makeup/lips/lipstick/retro-matte-liquid-lipcolour-kabuki-magic" data-product='{"prodid": "PROD46224", "sku": ""}'  >Shop <span id="sku_count">4</span> Shades</a>
              <a class="product__link-custom js-product__link-to-spp" href="http://www.maccosmetics.co.uk/product/13854/46224/products/makeup/lips/lipstick/retro-matte-liquid-lipcolour-kabuki-magic" data-product='{"prodid": "PROD46224", "sku": ""}'></a>
              <a class="product__replenish hide-non-shoppable-product hide-non-orderable-product overlay-link" href="#" data-product='{"prodid": "PROD46224", "sku": ""}'></a>
            
            </footer>
          </div>
      
        </div>
      
      
      
      
      
      
          <div class="js-shade-picker__color"></div>
      
      
      </div>
    </div>
    <div data-match-height="mpp-items" class="grid--mpp__item" style="height: 480px;" data-sku-target="SKU77371" data-sku-base-target="77371">
      <div class="product
        
        
        
        
         product--teaser
        
        
        
         product--sku-product
        
        
         product--defaultSku
        
        "
        id="product--prod_id-PROD46270"
        data-product='{"prodid":"PROD46270","sku":"SKU77371"}'
        data-product-id="PROD46270"
        
        
        
        >
        <div class="product__detail">
          <div class="product__sku-details" id="product-detail-attach">
            <header class="product__header">
              <div class="product_header_details">
                <a class="product__name-link js-product__link-to-spp" href="http://www.maccosmetics.co.uk/product/13842/46270/products/makeup/face/blush/powder-blush-duo-today-we-live">
                    <h3 class="product__name">Powder Blush Duo: Today We Live</h3>
                    <h3 class="product__name product__name_short"></h3>
                </a>
            
                    <p class="product__description-short">2 Shades, 1 Compact, Limited Edition</p>
            
                  <div class="product__rating">
                    <span class="product__rating-non"></span></div>
                <div class="product__price">
                         
                          
                           <span class="product__price--standard">£24.50 </span>
                </div>
                <div class="product__faves--teaser product__faves--teaser_mobile">            <a class="product__add-to-faves add-to-favorites js-add-to-favorites"
               
               href="#"
               data-product='{"prodid": "PROD46270", "sku": "", "SKU_BASE_ID": ""}'
               data-tooltip-added='Added to &lt;a href=http://www.maccosmetics.co.uk/"/account/favorites/index.tmpl">Favourites</a>!'
               data-tooltip-removed='Item has been removed from your &lt;a href=http://www.maccosmetics.co.uk/"/account/favorites/index.tmpl">Favourites</a>'
               data-default-fav='77371'>
              <i class="icon--heart-o"></i>
            </a>
</div>
                <div class="product__price_set ">
                  <div class="product__price_ppu clear"><span class="product__size--ppu">10 g</span><span class="product__size--hiphen--ppu"> - </span>
                  <span class="product__price_ppu--inside">£24.50  / 10g</span></div>
                  
                </div>
                  <div class="product__faves--teaser">            <a class="product__add-to-faves add-to-favorites js-add-to-favorites"
               
               href="#"
               data-product='{"prodid": "PROD46270", "sku": "", "SKU_BASE_ID": ""}'
               data-tooltip-added='Added to &lt;a href=http://www.maccosmetics.co.uk/"/account/favorites/index.tmpl">Favourites</a>!'
               data-tooltip-removed='Item has been removed from your &lt;a href=http://www.maccosmetics.co.uk/"/account/favorites/index.tmpl">Favourites</a>'
               data-default-fav='77371'>
              <i class="icon--heart-o"></i>
            </a>
</div>
            
            
            
            
            
            </header>
            
            <div class="product__images js-shade-trigger">
            
              <div class="product__images-inner carousel-wrapper">
            
            
                  <div class="product__image-medium ">
                    <div class="js-inv-status-2 product__inv-status-item temp-out-of-stock__text">Temp Out of Stock</div> 
                    <div class="js-inv-status-3 product__inv-status-item coming_soon-full_text">Coming soon</div>
                    <a class="product__image-medium-link js-product__link-to-spp" href="http://www.maccosmetics.co.uk/product/13842/46270/products/makeup/face/blush/powder-blush-duo-today-we-live">
             
                        <img class="product__sku-image--rendered--medium fade-non-shoppable-product" src="http://www.maccosmetics.co.uk/media/export/cms/products/280x320/mac_sku_S4LM01_280x320_0.jpg" alt="" title="Powder Blush Duo: Today We Live" />
                    </a>
                  </div>
            
              </div>
            </div>
            
            
            <footer class="product__footer">
            
            
            
              
              
             
              <div class="product__size"> 10 g </div>
            
              <div class="product_content_fav_mobile ">
              <a class="product__add-to-faves add-to-favorites js-add-to-favorites"
                 
                 href="#"
                 data-product='{"prodid": "PROD46270", "sku": "", "SKU_BASE_ID": ""}'
                 data-tooltip-added='Added to &lt;a href=http://www.maccosmetics.co.uk/"/account/favorites/index.tmpl">Favourites</a>!'
                 data-tooltip-removed='Item has been removed from your &lt;a href=http://www.maccosmetics.co.uk/"/account/favorites/index.tmpl">Favourites</a>'
                 data-default-fav='77371'>
                <i class="icon--heart-o"></i>
              </a>
              <div class="product__price ">
                      
                        
                        <span class="product__price--standard">£24.50 </span>
              </div>
              <div class="product__price_ppu"><span class="product__size--ppu">10 g</span><span class="product__size--hiphen--ppu"> - </span>
              <span class="product__price_ppu--inside">£24.50  / 10g</span></div>
              
              
              <ul class="product__inventory-status js-inv-status-list temp-out-of-stock_notifyme-spacing" data-sku-base-id="">
                <li class="js-inv-status-2 product__inv-status-item temp-out-of-stock display__notify-me">
                                  <div class="notify-status js-add-button" >
                  <a href="#" class ="js-notify-me notify_me" data-sku-inv-status=""  data-sku-base-id="">Notify Me!</a>
                </div>

                  <div class="temp-out-of-stock__text">Temp Out of Stock</div>
                  <div class="temp-out-of-stock-short__text">Temp Out of Stock</div>
                </li>
                <li class="js-inv-status-3 product__inv-status-item coming-soon display__notify-me ">                <div class="notify-status js-add-button" >
                  <a href="#" class ="js-notify-me notify_me" data-sku-inv-status=""  data-sku-base-id="">Notify Me!</a>
                </div>
<div class="coming-soon_text">Coming soon</div></li>
                <li class="js-inv-status-5 product__inv-status-item inactive">Sorry, this item is inactive.</li>
                <li class="js-inv-status-7 product__inv-status-item sold-out btn">Sold Out</li>
              </ul>
              <a class="product__link-to-spp js-product__link-to-spp" href="http://www.maccosmetics.co.uk/product/13842/46270/products/makeup/face/blush/powder-blush-duo-today-we-live" data-product='{"prodid": "PROD46270", "sku": ""}'  >Shop <span id="sku_count"></span> Shades</a>
              <a class="product__link-custom js-product__link-to-spp" href="http://www.maccosmetics.co.uk/product/13842/46270/products/makeup/face/blush/powder-blush-duo-today-we-live" data-product='{"prodid": "PROD46270", "sku": ""}'></a>
              <a class="product__replenish hide-non-shoppable-product hide-non-orderable-product overlay-link" href="#" data-product='{"prodid": "PROD46270", "sku": ""}'></a>
            
            </footer>
          </div>
      
        </div>
      
      
      
      </div>
    </div>
    <div data-match-height="mpp-items" class="grid--mpp__item" style="height: 480px;" data-sku-target="SKU77372" data-sku-base-target="77372">
      <div class="product
        
        
        
        
         product--teaser
        
        
        
         product--sku-product
        
        
         product--defaultSku
        
        "
        id="product--prod_id-PROD46272"
        data-product='{"prodid":"PROD46272","sku":"SKU77372"}'
        data-product-id="PROD46272"
        
        
        
        >
        <div class="product__detail">
          <div class="product__sku-details" id="product-detail-attach">
            <header class="product__header">
              <div class="product_header_details">
                <a class="product__name-link js-product__link-to-spp" href="http://www.maccosmetics.co.uk/product/13802/46272/products/brushes-tools/brushes/all-brushes/218se-precision-brush-kabuki-magic">
                    <h3 class="product__name">218SE Precision Brush / Kabuki Magic</h3>
                    <h3 class="product__name product__name_short"></h3>
                </a>
            
                    <p class="product__description-short">For Powders/Creams, Fine Pencil-Shaped, Special Edition</p>
            
                  <div class="product__rating">
                    <span class="product__rating-non"></span></div>
                <div class="product__price">
                         
                          
                           <span class="product__price--standard">£23.00 </span>
                </div>
                <div class="product__faves--teaser product__faves--teaser_mobile">            <a class="product__add-to-faves add-to-favorites js-add-to-favorites"
               
               href="#"
               data-product='{"prodid": "PROD46272", "sku": "", "SKU_BASE_ID": ""}'
               data-tooltip-added='Added to &lt;a href=http://www.maccosmetics.co.uk/"/account/favorites/index.tmpl">Favourites</a>!'
               data-tooltip-removed='Item has been removed from your &lt;a href=http://www.maccosmetics.co.uk/"/account/favorites/index.tmpl">Favourites</a>'
               data-default-fav='77372'>
              <i class="icon--heart-o"></i>
            </a>
</div>
                <div class="product__price_set ">
                  <div class="product__price_ppu clear">
                  <span class="product__price_ppu--inside"></span></div>
                  
                </div>
                  <div class="product__faves--teaser">            <a class="product__add-to-faves add-to-favorites js-add-to-favorites"
               
               href="#"
               data-product='{"prodid": "PROD46272", "sku": "", "SKU_BASE_ID": ""}'
               data-tooltip-added='Added to &lt;a href=http://www.maccosmetics.co.uk/"/account/favorites/index.tmpl">Favourites</a>!'
               data-tooltip-removed='Item has been removed from your &lt;a href=http://www.maccosmetics.co.uk/"/account/favorites/index.tmpl">Favourites</a>'
               data-default-fav='77372'>
              <i class="icon--heart-o"></i>
            </a>
</div>
            
            
            
            
            
            </header>
            
            <div class="product__images js-shade-trigger">
            
              <div class="product__images-inner carousel-wrapper">
            
            
                  <div class="product__image-medium ">
                    <div class="js-inv-status-2 product__inv-status-item temp-out-of-stock__text">Temp Out of Stock</div> 
                    <div class="js-inv-status-3 product__inv-status-item coming_soon-full_text">Coming soon</div>
                    <a class="product__image-medium-link js-product__link-to-spp" href="http://www.maccosmetics.co.uk/product/13802/46272/products/brushes-tools/brushes/all-brushes/218se-precision-brush-kabuki-magic">
             
                        <img class="product__sku-image--rendered--medium fade-non-shoppable-product" src="http://www.maccosmetics.co.uk/media/export/cms/products/280x320/mac_sku_S4GN01_280x320_0.jpg" alt="" title="218SE Precision Brush / Kabuki Magic" />
                    </a>
                  </div>
            
              </div>
            </div>
            
            
            <footer class="product__footer">
            
            
            
              
              
             
              <div class="product__size">  </div>
            
              <div class="product_content_fav_mobile ">
              <a class="product__add-to-faves add-to-favorites js-add-to-favorites"
                 
                 href="#"
                 data-product='{"prodid": "PROD46272", "sku": "", "SKU_BASE_ID": ""}'
                 data-tooltip-added='Added to &lt;a href=http://www.maccosmetics.co.uk/"/account/favorites/index.tmpl">Favourites</a>!'
                 data-tooltip-removed='Item has been removed from your &lt;a href=http://www.maccosmetics.co.uk/"/account/favorites/index.tmpl">Favourites</a>'
                 data-default-fav='77372'>
                <i class="icon--heart-o"></i>
              </a>
              <div class="product__price ">
                      
                        
                        <span class="product__price--standard">£23.00 </span>
              </div>
              <div class="product__price_ppu">
              <span class="product__price_ppu--inside"></span></div>
              
              
              <ul class="product__inventory-status js-inv-status-list temp-out-of-stock_notifyme-spacing" data-sku-base-id="">
                <li class="js-inv-status-2 product__inv-status-item temp-out-of-stock display__notify-me">
                                  <div class="notify-status js-add-button" >
                  <a href="#" class ="js-notify-me notify_me" data-sku-inv-status=""  data-sku-base-id="">Notify Me!</a>
                </div>

                  <div class="temp-out-of-stock__text">Temp Out of Stock</div>
                  <div class="temp-out-of-stock-short__text">Temp Out of Stock</div>
                </li>
                <li class="js-inv-status-3 product__inv-status-item coming-soon display__notify-me ">                <div class="notify-status js-add-button" >
                  <a href="#" class ="js-notify-me notify_me" data-sku-inv-status=""  data-sku-base-id="">Notify Me!</a>
                </div>
<div class="coming-soon_text">Coming soon</div></li>
                <li class="js-inv-status-5 product__inv-status-item inactive">Sorry, this item is inactive.</li>
                <li class="js-inv-status-7 product__inv-status-item sold-out btn">Sold Out</li>
              </ul>
              <a class="product__link-to-spp js-product__link-to-spp" href="http://www.maccosmetics.co.uk/product/13802/46272/products/brushes-tools/brushes/all-brushes/218se-precision-brush-kabuki-magic" data-product='{"prodid": "PROD46272", "sku": ""}'  >Shop <span id="sku_count"></span> Shades</a>
              <a class="product__link-custom js-product__link-to-spp" href="http://www.maccosmetics.co.uk/product/13802/46272/products/brushes-tools/brushes/all-brushes/218se-precision-brush-kabuki-magic" data-product='{"prodid": "PROD46272", "sku": ""}'></a>
              <a class="product__replenish hide-non-shoppable-product hide-non-orderable-product overlay-link" href="#" data-product='{"prodid": "PROD46272", "sku": ""}'></a>
            
            </footer>
          </div>
      
        </div>
      
      
      
      </div>
    </div>
    <div data-match-height="mpp-items" class="grid--mpp__item" style="height: 480px;" data-sku-target="SKU77373" data-sku-base-target="77373">
      <div class="product
        
        
        
        
         product--teaser
        
        
        
         product--sku-product
        
        
         product--defaultSku
        
        "
        id="product--prod_id-PROD46273"
        data-product='{"prodid":"PROD46273","sku":"SKU77373"}'
        data-product-id="PROD46273"
        
        
        
        >
        <div class="product__detail">
          <div class="product__sku-details" id="product-detail-attach">
            <header class="product__header">
              <div class="product_header_details">
                <a class="product__name-link js-product__link-to-spp" href="http://www.maccosmetics.co.uk/product/13802/46273/products/brushes-tools/brushes/all-brushes/283se-small-duo-fibre-eye-brush-kabuki-magic">
                    <h3 class="product__name">283SE Small Duo Fibre Eye Brush / Kabuki Magic</h3>
                    <h3 class="product__name product__name_short"></h3>
                </a>
            
                    <p class="product__description-short">For All Formulas, Small Paddle Shape, Special Edition</p>
            
                  <div class="product__rating">
                    <span class="product__rating-non"></span></div>
                <div class="product__price">
                         
                          
                           <span class="product__price--standard">£26.00 </span>
                </div>
                <div class="product__faves--teaser product__faves--teaser_mobile">            <a class="product__add-to-faves add-to-favorites js-add-to-favorites"
               
               href="#"
               data-product='{"prodid": "PROD46273", "sku": "", "SKU_BASE_ID": ""}'
               data-tooltip-added='Added to &lt;a href=http://www.maccosmetics.co.uk/"/account/favorites/index.tmpl">Favourites</a>!'
               data-tooltip-removed='Item has been removed from your &lt;a href=http://www.maccosmetics.co.uk/"/account/favorites/index.tmpl">Favourites</a>'
               data-default-fav='77373'>
              <i class="icon--heart-o"></i>
            </a>
</div>
                <div class="product__price_set ">
                  <div class="product__price_ppu clear">
                  <span class="product__price_ppu--inside"></span></div>
                  
                </div>
                  <div class="product__faves--teaser">            <a class="product__add-to-faves add-to-favorites js-add-to-favorites"
               
               href="#"
               data-product='{"prodid": "PROD46273", "sku": "", "SKU_BASE_ID": ""}'
               data-tooltip-added='Added to &lt;a href=http://www.maccosmetics.co.uk/"/account/favorites/index.tmpl">Favourites</a>!'
               data-tooltip-removed='Item has been removed from your &lt;a href=http://www.maccosmetics.co.uk/"/account/favorites/index.tmpl">Favourites</a>'
               data-default-fav='77373'>
              <i class="icon--heart-o"></i>
            </a>
</div>
            
            
            
            
            
            </header>
            
            <div class="product__images js-shade-trigger">
            
              <div class="product__images-inner carousel-wrapper">
            
            
                  <div class="product__image-medium ">
                    <div class="js-inv-status-2 product__inv-status-item temp-out-of-stock__text">Temp Out of Stock</div> 
                    <div class="js-inv-status-3 product__inv-status-item coming_soon-full_text">Coming soon</div>
                    <a class="product__image-medium-link js-product__link-to-spp" href="http://www.maccosmetics.co.uk/product/13802/46273/products/brushes-tools/brushes/all-brushes/283se-small-duo-fibre-eye-brush-kabuki-magic">
             
                        <img class="product__sku-image--rendered--medium fade-non-shoppable-product" src="http://www.maccosmetics.co.uk/media/export/cms/products/280x320/mac_sku_S4GP01_280x320_0.jpg" alt="" title="283SE Small Duo Fibre Eye Brush / Kabuki Magic" />
                    </a>
                  </div>
            
              </div>
            </div>
            
            
            <footer class="product__footer">
            
            
            
              
              
             
              <div class="product__size">  </div>
            
              <div class="product_content_fav_mobile ">
              <a class="product__add-to-faves add-to-favorites js-add-to-favorites"
                 
                 href="#"
                 data-product='{"prodid": "PROD46273", "sku": "", "SKU_BASE_ID": ""}'
                 data-tooltip-added='Added to &lt;a href=http://www.maccosmetics.co.uk/"/account/favorites/index.tmpl">Favourites</a>!'
                 data-tooltip-removed='Item has been removed from your &lt;a href=http://www.maccosmetics.co.uk/"/account/favorites/index.tmpl">Favourites</a>'
                 data-default-fav='77373'>
                <i class="icon--heart-o"></i>
              </a>
              <div class="product__price ">
                      
                        
                        <span class="product__price--standard">£26.00 </span>
              </div>
              <div class="product__price_ppu">
              <span class="product__price_ppu--inside"></span></div>
              
              
              <ul class="product__inventory-status js-inv-status-list temp-out-of-stock_notifyme-spacing" data-sku-base-id="">
                <li class="js-inv-status-2 product__inv-status-item temp-out-of-stock display__notify-me">
                                  <div class="notify-status js-add-button" >
                  <a href="#" class ="js-notify-me notify_me" data-sku-inv-status=""  data-sku-base-id="">Notify Me!</a>
                </div>

                  <div class="temp-out-of-stock__text">Temp Out of Stock</div>
                  <div class="temp-out-of-stock-short__text">Temp Out of Stock</div>
                </li>
                <li class="js-inv-status-3 product__inv-status-item coming-soon display__notify-me ">                <div class="notify-status js-add-button" >
                  <a href="#" class ="js-notify-me notify_me" data-sku-inv-status=""  data-sku-base-id="">Notify Me!</a>
                </div>
<div class="coming-soon_text">Coming soon</div></li>
                <li class="js-inv-status-5 product__inv-status-item inactive">Sorry, this item is inactive.</li>
                <li class="js-inv-status-7 product__inv-status-item sold-out btn">Sold Out</li>
              </ul>
              <a class="product__link-to-spp js-product__link-to-spp" href="http://www.maccosmetics.co.uk/product/13802/46273/products/brushes-tools/brushes/all-brushes/283se-small-duo-fibre-eye-brush-kabuki-magic" data-product='{"prodid": "PROD46273", "sku": ""}'  >Shop <span id="sku_count"></span> Shades</a>
              <a class="product__link-custom js-product__link-to-spp" href="http://www.maccosmetics.co.uk/product/13802/46273/products/brushes-tools/brushes/all-brushes/283se-small-duo-fibre-eye-brush-kabuki-magic" data-product='{"prodid": "PROD46273", "sku": ""}'></a>
              <a class="product__replenish hide-non-shoppable-product hide-non-orderable-product overlay-link" href="#" data-product='{"prodid": "PROD46273", "sku": ""}'></a>
            
            </footer>
          </div>
      
        </div>
      
      
      
      </div>
    </div>
  </div>
</section>

      <div class="basic-nodeblock-reference-v1 ">
    <div id="node-70830" class="node node-elc-nodeblock no-sidebars clearfix" role="article" trackname="Video Collection - Make-Up Art Cosmetics Kabuki Magic|Video Collection - Make-Up Art Cosmetics Kabuki Magic|global">
  <div class="content">
    
  <div class="collection-video-player-v1 collection-video-player-wrapper collection-content-block-v1 responsive-container">
  <div class="collection-video-player js-collection-video-player">
    <div class="collection-video-player__content js-invert-close" data-thumbnail-image="/media/export/cms/collections/makeupartcosmetics/makeupartcosmetics_kmagic_video.jpg" data-video-provider="youtube" data-youtube-id="ybJzhLbZApo?rel=0&amp;amp;showinfo=0">
      <div class="collection-video-player__media">
        <div class="collection-video-player__media--inner-wrap js-play">
            <img src="http://www.maccosmetics.co.uk/media/export/cms/collections/makeupartcosmetics/makeupartcosmetics_kmagic_video.jpg" class="collection-video-player__image" alt="" />

          <div class="text">
            
            
            <div class="teaser">  </div>

          </div>

        </div>
      </div>
    </div>
  </div>
  <div class="clearfix"></div>

</div>
  </div>
</div>


  </div>

</div>
       </div>  </div>
        </article>
  </div></div>
</div><!-- /site-container -->

<footer class="site-footer">
      <div class="site-footer--top">
      <div class="block block-nodeblock block-nodeblock-24 block-nodeblock-668">
      <div class="content">  <div id="node-668" class="node node-collection no-sidebars clearfix" role="article" trackname="Footer Top|Footer Top|phone number update">

  
      
  
  <div class="content">
    <div class="field-collection-slides">
             <div class="block--footer-mobile-help">
  <h6 class="block--footer-mobile-help__title">Need Help?</h6>
  <div class="mobile-help__buttons js-mobile-help__buttons grid-container--2">
    <div class="grid--item">
      <a class="btn btn--clear-bg footer-liveperson-link" href="http://www.maccosmetics.co.uk/customer_service/livechat/prechat.tmpl">CHAT LIVE</a>
    </div>
    <div class="grid--item">
      <a class="btn btn--clear-bg" href="tel:+08000542999">Call 0800 054 2999</a>
    </div>
  </div>
</div>
<div class="footer-menu--pc responsive-container grid-container--6">
    <div class="grid--item">
    <div id="node-654" class="node node-elc-nodeblock no-sidebars clearfix" role="article" trackname="Footer Top - Stores|TOUT|FOOTER|Stores footer|Appt Booking">
  <div class="content">
    
  <!-- #cms-api-section: footer_menu --><div class="footer-menu-v1 block--footer-menu">
  <h6>Your M·A·C Store</h6>
    <ul class="menu"><li><a href="http://www.maccosmetics.co.uk/stores">Find A Store / Event</a></li>
	<li><a href="http://www.maccosmetics.co.uk/book-appointment">Makeup Services</a></li>
</ul>
</div>
<!-- /#cms-api-section: footer_menu -->  </div>
</div>


    </div>
    <div class="grid--item">
    <div id="node-642" class="node node-elc-nodeblock no-sidebars clearfix" role="article" trackname="Footer Top - Customer Service|Footer Top - Customer Service|offer details">
  <div class="content">
    
  <!-- #cms-api-section: footer_menu --><div class="footer-menu-v1 block--footer-menu">
  <h6>Customer Service</h6>
    <ul class="menu"><li><a href="http://www.maccosmetics.co.uk/customer_service/contact_us.tmpl">Contact Us</a></li>	
	<li><a href="http://www.maccosmetics.co.uk/customer-service-faq">FAQs</a></li>
	<li><a href="http://www.maccosmetics.co.uk/shipping">Delivery Info</a></li>
	<li><a href="http://www.maccosmetics.co.uk/returns">Return Policy</a></li>
<li><a href="http://www.maccosmetics.co.uk/offer-details">Offer Details </a></li>
</ul><div class="liveperson" id="lpchatproduct1"></div>
<div class="liveperson" id="lpchatordertech1"></div>

</div>
<!-- /#cms-api-section: footer_menu -->  </div>
</div>


    </div>
    <div class="grid--item">
    <div id="node-644" class="node node-elc-nodeblock no-sidebars clearfix" role="article" trackname="Footer Top - About Us|Footer Top - About Us|slavery_statement">
  <div class="content">
    
  <!-- #cms-api-section: footer_menu --><div class="footer-menu-v1 block--footer-menu">
  <h6>About Us</h6>
    <ul class="menu"><li class="no-mobile"><a href="http://www.maccosmetics.co.uk/our-story">Our Story</a></li>
  <li><a href="http://www.maccosmetics.co.uk/viva-glam-mac-aids-fund">M·A·C AIDS Fund</a></li>
  <li><a href="http://www.maccosmetics.co.uk/mac-pro">M·A·C Pro Membership</a></li>
  <li><a href="http://www.maccosmetics.co.uk/giving_back/back_to_mac.tmpl">Back to M·A·C</a></li>
  <li><a href="http://www.maccosmetics.co.uk/employment">Careers</a></li>
  <li><a href="http://www.maccosmetics.co.uk/animaltesting">Animal Testing</a></li>
  <li><a href="http://www.maccosmetics.co.uk/slavery-and-human-trafficking-statement">Corporate Statements</a></li>  
  </ul>
</div>
<!-- /#cms-api-section: footer_menu -->  </div>
</div>


    </div>
    <div class="grid--item">
    <div id="node-650" class="node node-elc-nodeblock no-sidebars clearfix" role="article" trackname="Footer Top - Your Account|Footer Top - Your Account|footer_issue_sp">
  <div class="content">
    
  <!-- #cms-api-section: footer_menu --><div class="footer-menu-v1 block--footer-menu">
  <h6>Your Account</h6>
    <ul class="menu"><li><a href="http://www.maccosmetics.co.uk/account/index.tmpl">My M·A·C</a></li>
	<li class="no-mobile"><a href="http://www.maccosmetics.co.uk/account/order_history/index.tmpl">Order Status</a></li>
	<li class="no-mobile"><a href="http://www.maccosmetics.co.uk/account/favorites/index.tmpl">My Favourites</a></li>
</ul>
</div>
<!-- /#cms-api-section: footer_menu -->  </div>
</div>


    </div>
    <div class="grid--item">
    <div id="node-652" class="node node-elc-nodeblock no-sidebars clearfix" role="article" trackname="Footer Top - Gift Cards|Footer Top - Gift Cards|uk-launch-giftcards">
  <div class="content">
    
  <!-- #cms-api-section: footer_menu --><div class="footer-menu-v1 block--footer-menu">
  <h6>Gift Cards</h6>
    <ul class="menu"><li class="no-mobile"><a href="http://www.maccosmetics.co.uk/giftcards">Gift Cards</a></li>
	<li class="no-mobile"><a href="http://www.maccosmetics.co.uk/egiftcards">eGift Cards</a></li>
	<li class="no-mobile"><a href="http://www.maccosmetics.co.uk/giftcards/balance.tmpl">Check Balance</a></li>
	<li class="no-mobile"><a href="http://www.maccosmetics.co.uk/giftcard-terms-conditions">Terms &amp; Conditions</a></li>
</ul>
</div>
<!-- /#cms-api-section: footer_menu -->  </div>
</div>


    </div>
    <div class="grid--item">
    <div id="node-646" class="node node-elc-nodeblock no-sidebars clearfix" role="article" trackname="Footer Top - Extra (Social Links / Language Picker)|Footer Language Picker - PC|Footer Menu update INSTA">
  <div class="content">
    
  <div class="footer-extra-formatter-v1 block--footer-extra">
    <!-- #cms-api-section: footer_social_links --><div class="footer-social-links-v1 social-links">
  <h6>Connect</h6>
    <ul><li data-name="facebook"><a href="http://www.facebook.com/MACcosmetics" target="_blank"><i class="icon--facebook"></i></a></li>
  <li data-name="twitter"><a href="../twitter.com/MACcosmetics.html" target="_blank"><i class="icon--twitter"></i></a></li>
  <li data-name="youtube"><a href="http://www.youtube.com/user/MACcosmetics" target="_blank"><i class="icon--youtube"></i></a></li>
  <li data-name="instagram"><a href="http://instagram.com/maccosmeticsuk" target="_blank"><i class="icon--instagram"></i></a></li>
  <li data-name="tumblr"><a href="http://maccosmetics.tumblr.com/" target="_blank"><i class="icon--tumblr"></i></a></li>
  <li data-name="pinterest"><a href="https://www.pinterest.com/maccosmetics/"><i class="icon--pinterest"></i></a></li>
</ul>
</div>
<!-- /#cms-api-section: footer_social_links -->
    <!-- #cms-api-section: footer_menu --><div class="footer-menu-v1 block--footer-menu">
  <h6>INTERNATIONAL SITES</h6>
    <style>
<!--/*--><![CDATA[/* ><!--*/

	.language-picker .language{display:none;}

/*--><!]]>*/
</style>
</div>
<!-- /#cms-api-section: footer_menu -->
    <!-- #cms-api-section: footer_language_picker --><div class="footer-language-picker-v1 language-picker">
  <p class="country"><span class="flag-icon-uk"></span> <a href="http://www.maccosmetics.co.uk/country-chooser">United Kingdom</a></p>
  <p class="language">
    <a mporgnav="" href="http://www.maccosmetics.co.uk/" class="language-select__link language-select__link--selected js-switch-lang-link" data-mp-lang=""></a>
    /
    <a mporgnav="" href="http://www.maccosmetics.co.uk/" class="language-select__link js-switch-lang-link" data-mp-lang=""></a>
  </p>
</div>
<!-- /#cms-api-section: footer_language_picker -->
</div>  </div>
</div>


    </div>
  <div class="liveperson" id="lpchatproduct"></div>
  <div class="liveperson" id="lpchatordertech"></div>
</div>
<div class="footer-menu--mobile">
  <article class="node-636 node node-menu no-sidebars" role="article" trackname="Footer Top for Mobile|Footer Top Mobile|slavery_statement">
        <div class="content column column-main">
    <div class="field-menu">
             <ul class="menu"><li class="first expanded menu-mlid-3356ec58-b158-11e4-8abe-000c29cc69ea"><a href="http://www.maccosmetics.co.uk/home">Customer Service<span class="icon"></span></a><div class="menu-container depth-1"><ul class="menu"><li class="first menu-mlid-711353d8-b158-11e4-8abe-000c29cc69ea"><a href="http://www.maccosmetics.co.uk/customer_service/contact_us.tmpl">Contact Us<span class="icon"></span></a></li>
<li class="menu-mlid-955c2166-b158-11e4-8abe-000c29cc69ea"><a href="http://www.maccosmetics.co.uk/customer-service-faq">FAQs<span class="icon"></span></a></li>
<li class="menu-mlid-a2febda6-b158-11e4-8abe-000c29cc69ea"><a href="http://www.maccosmetics.co.uk/account/index.tmpl">Order Status<span class="icon"></span></a></li>
<li class="menu-mlid-aa2c69ca-b158-11e4-8abe-000c29cc69ea"><a href="http://www.maccosmetics.co.uk/shipping">Shipping Info<span class="icon"></span></a></li>
<li class="last menu-mlid-b1dcd254-b158-11e4-8abe-000c29cc69ea"><a href="http://www.maccosmetics.co.uk/returns">Return Policy<span class="icon"></span></a></li>
</ul></div></li>
<li class="expanded menu-mlid-b998c37c-b158-11e4-8abe-000c29cc69ea"><a href="http://www.maccosmetics.co.uk/home">About Us<span class="icon"></span></a><div class="menu-container depth-1"><ul class="menu"><li class="first menu-mlid-c2277ba0-b158-11e4-8abe-000c29cc69ea"><a href="http://www.maccosmetics.co.uk/our-story">Our Story<span class="icon"></span></a></li>
<li class="menu-mlid-c81f1568-b158-11e4-8abe-000c29cc69ea"><a href="http://www.maccosmetics.co.uk/viva-glam-mac-aids-fund">M•A•C AIDS Fund<span class="icon"></span></a></li>
<li class="menu-mlid-d00ea482-b158-11e4-8abe-000c29cc69ea"><a href="http://www.maccosmetics.co.uk/mac-pro">M•A•C Pro Membership<span class="icon"></span></a></li>
<li class="menu-mlid-bda7b399-6ea0-11e5-be2f-288023a13fb4"><a href="http://www.maccosmetics.co.uk/account/select.tmpl">M•A•C Select Program<span class="icon"></span></a></li>
<li class="menu-mlid-53a5c2ae-15c6-11e5-909d-0050569a2719"><a href="http://www.maccosmetics.co.uk/giving_back/back_to_mac.tmpl">Back to M•A•C<span class="icon"></span></a></li>
<li class="menu-mlid-e02388ce-b158-11e4-8abe-000c29cc69ea"><a href="http://www.maccosmetics.co.uk/employment">Careers<span class="icon"></span></a></li>
<li class="menu-mlid-c49d70ab-ed0d-11e5-89f9-288023a13fb4"><a href="http://www.maccosmetics.co.uk/animaltesting">Animal Testing<span class="icon"></span></a></li>
<li class="last menu-mlid-a9968c6b-c2b6-11e6-80f7-0050569a5df7"><a href="http://www.maccosmetics.co.uk/slavery-and-human-trafficking-statement">Corporate Statements<span class="icon"></span></a></li>
</ul></div></li>
<li class="menu-mlid-ec9a7b1c-b158-11e4-8abe-000c29cc69ea"><a href="http://www.maccosmetics.co.uk/stores">Find a Store<span class="icon"></span></a></li>
<li class="menu-mlid-44db83dc-03c7-11e5-bc94-0050569a2719"><a href="http://www.maccosmetics.co.uk/book-appointment">Makeup Services<span class="icon"></span></a></li>
<li class="expanded menu-mlid-f97fdf66-b158-11e4-8abe-000c29cc69ea"><a href="http://www.maccosmetics.co.uk/home">Gift Cards<span class="icon"></span></a><div class="menu-container depth-1"><ul class="menu"><li class="first menu-mlid-cd28f3c4-fda4-11e4-bc94-0050569a2719"><a href="http://www.maccosmetics.co.uk/giftcards">Gift Cards<span class="icon"></span></a></li>
<li class="menu-mlid-87863048-fda4-11e4-bc94-0050569a2719"><a href="http://www.maccosmetics.co.uk/egiftcards">EGift Cards<span class="icon"></span></a></li>
<li class="menu-mlid-6529ba46-fda5-11e4-bc94-0050569a2719"><a href="http://www.maccosmetics.co.uk/giftcards/balance.tmpl">Check Balance<span class="icon"></span></a></li>
<li class="last menu-mlid-1fe6aa6e-1382-11e5-909d-0050569a2719"><a href="http://www.maccosmetics.co.uk/giftcards/faq">About Gift Cards<span class="icon"></span></a></li>
</ul></div></li>
<li class="menu-mlid-021e4efa-b159-11e4-8abe-000c29cc69ea"><a href="http://www.maccosmetics.co.uk/email_signup/email_signup.tmpl">Sign Up For Email / Text<span class="icon"></span></a></li>
<li class="last menu-mlid-0a9acf18-b159-11e4-8abe-000c29cc69ea"><a href="http://www.maccosmetics.co.uk/account/index.tmpl">My M•A•C / Sign In<span class="icon"></span></a></li>
</ul>       </div>  </div>
        </article>

</div>
  <div class="footer-social--mobile"><div id="node-632" class="node node-elc-nodeblock no-sidebars clearfix" role="article" trackname="Footer Social Links|Footer Social Links">
  <div class="content">
    
  <!-- #cms-api-section: basic_responsive --><div class="basic-responsive-v1">
  <ul class="social-links"><li data-name="facebook"><a href="http://www.facebook.com/MACcosmetics" target="_blank"><i class="icon--facebook"></i></a></li>
  <li data-name="twitter"><a href="../twitter.com/MACcosmetics.html" target="_blank"><i class="icon--twitter"></i></a></li>
  <li data-name="youtube"><a href="http://www.youtube.com/user/MACcosmetics" target="_blank"><i class="icon--youtube"></i></a></li>
  <li data-name="instagram"><a href="http://instagram.com/maccosmeticsuk" target="_blank"><i class="icon--instagram"></i></a></li>
  <li data-name="tumblr"><a href="http://maccosmetics.tumblr.com/" target="_blank"><i class="icon--tumblr"></i></a></li>
  <li data-name="pinterest"><a href="https://www.pinterest.com/explore/mac-cosmetics/" target="_blank"><i class="icon--pinterest"></i></a></li>
</ul>
</div>
<!-- /#cms-api-section: basic_responsive -->  </div>
</div>

</div>
       </div>  </div>

  
  
</div>
  </div></div>
    </div>
        <div class="site-footer--bottom">
      <div class="block block-nodeblock block-nodeblock-38 block-nodeblock-674">
      <div class="content">  <div id="node-674" class="node node-menu no-sidebars clearfix" role="article" trackname="Footer Bottom Menu|Footer Bottom Menu|BUG_240566_v2">

  
      
  
  <div class="content">
    <div class="field-menu">
             <ul class="menu"><li class="first menu-mlid-33ba6ada-4d8f-11e4-857a-000c29cc69ea"><a href="http://www.maccosmetics.co.uk/privacy-policy">Privacy Policy<span class="icon"></span></a></li>
<li class="menu-mlid-9194aa76-4d8f-11e4-857a-000c29cc69ea"><a href="http://www.maccosmetics.co.uk/terms-conditions">Terms &amp; Conditions<span class="icon"></span></a></li>
<li class="menu-mlid-9a0e18a7-7be1-11e5-be2f-288023a13fb4"><a href="http://www.maccosmetics.co.uk/counterfeit-education">Counterfeit Education<span class="icon"></span></a></li>
<li class="last leaf menu-mlid-9727669a-4d8f-11e4-857a-000c29cc69ea expanded menu-item-container" tabindex="0">© Make-Up Art Cosmetics. All Worldwide Rights Reserved.<div class="menu-container depth-1"></div></li></ul>       </div>  </div>

  
  
</div>
  </div></div>
<div class="block block-nodeblock block-nodeblock-520 block-nodeblock-670 block-template-basic-menu-reference-v1 block-template-basic-responsive-v1">
      <div class="content">  <div id="node-670" class="node node-elc-nodeblock no-sidebars clearfix" role="article" trackname="Footer Bottom Menu &amp; Copyright - Mobile|Footer Bottom Menu &amp; Copyright - Mobile">
  <div class="content">
    
  <div class="basic-menu-reference-v1 menu-reference  site-banner__sticky-fix">
  <article class="node-672 node node-menu no-sidebars" role="article" trackname="Footer Bottom Menu - Mobile|Footer Bottom Menu - Mobile|D1_MU_240566">
        <div class="content column column-main">
    <div class="field-menu">
             <ul class="menu"><li class="first menu-mlid-33ba6ada-4d8f-11e4-857a-000c29cc69ea"><a href="http://www.maccosmetics.co.uk/privacy-policy">Privacy Policy<span class="icon"></span></a></li>
<li class="menu-mlid-9194aa76-4d8f-11e4-857a-000c29cc69ea"><a href="http://www.maccosmetics.co.uk/terms-conditions">Terms &amp; Conditions<span class="icon"></span></a></li>
<li class="last menu-mlid-350704c4-b21c-11e4-8abe-000c29cc69ea"><a href="http://www.maccosmetics.co.uk/country-chooser">Country Chooser<span class="icon"></span></a></li>
</ul>       </div>  </div>
        </article>

</div>


  <!-- #cms-api-section: basic_responsive --><div class="basic-responsive-v1">
   <p>© Make-Up Art Cosmetics. All Worldwide Rights Reserved</p>
 
</div>
<!-- /#cms-api-section: basic_responsive -->  </div>
</div>

  </div></div>
    </div>
  </footer>


<div class="block block-nodeblock block-nodeblock-468 block-nodeblock-5168">
      <div class="content">  <div id="node-5168" class="node node-elc-translation-set node-promoted no-sidebars clearfix" role="article" trackname="Endeca - Translations">

  
      
  
  <div class="content">
    <div class="field-elc-ts-content">
             <!-- #cms-api-section: esearch_translations --><script type="text/javascript">
var rb = rb || {};
rb.endeca = rb.endeca || {};
jQuery.extend( rb.endeca, {
  "add_to_bag": "Add to Bag" || "Add to Bag",
"articles": "" || "articles",
"callout_featured_product": "" || "Featured Product",
"clear_all": "" || "Clear all",
"coming_soon": "" || "Coming Soon",
"content_one": "" || "1 Expert Tip",
"content_plural": "" || "{{results}} Expert Tips",
"content_zero": "" || "0 Expert Tips",
"did_you_mean": "" || "Did you mean",
"dimension_recommended": "Recommended" || "Recommended",
"dimension_product_category": "Product Category" || "Product Category",
"dimension_formula": "Formula" || "Formula",
"dimension_finish": "Finish" || "Finish",
"dimension_coverage": "Coverage" || "Coverage",
"dimension_benefit": "Benefit" || "Benefit",
"dimension_skin_tone": "" || "Skin Tone",
"dimension_skin_type": "" || "Skin Type",
"dimension_benefit_ff": "" || "Benefit",
"dimension_benefit_ff_description": "" || "Features you want in a foundation formula.",
"dimension_benefit_secondary_ff": "" || "Benefit",
"dimension_benefit_secondary_ff_description": "" || "Features you want in a foundation formula.",
"dimension_coverage_ff": "" || "Coverage",
"dimension_coverage_ff_description": "" || "Refers to the opacity of the makeup. Examples may include sheer to full coverage.",
"dimension_finish_ff": "" || "Finish",
"dimension_finish_ff_description": "" || "Examples may include natural, dewy or matte.",
"dimension_formula_ff": "" || "Form",
"dimension_formula_ff_description": "" || "Examples may include liquid or compact.",
"dimension_skin_tone_ff": "" || "Shade",
"dimension_skin_tone_ff_description": "" || "Choose from a range of skin tones.",
"dimension_skin_type_ff": "" || "Skin Type",
"dimension_skin_type_ff_description": "" || "The measure of oiliness versus dryness in your skin.",
"get_the_look": "" || "Get the Look",
"for": "" || "for",
"however": "" || "However, ",
"item": "" || "item",
"items": "" || "items",
"learn_more": "" || "Learn more",
"loading": "" || "Loading...",
"no_filters": "" || "No Filters Available.",
"no_term": "" || "Please enter a keyword in the search box below and click SEARCH.",
"of": "" || "of",
"out_of": "" || "out of",
"page": "" || "page",
"pagination_next": "" || "Next",
"pagination_previous": "" || "Previous",
"pagination_shown": "" || "(Showing {{startingRecord}} to {{endingRecord}} of {{totalProductRecords}} products.)",
"pagination_topshown": "" || "Top 10 shown",
"pagination_view_all": "" || "View all",
"pagination_view_all_products": "" || "See all product results \u0026raquo;",
"pagination_view_less_products": "" || "View top 10 results \u0026raquo;",
"pagination_view_more": "" || "View more results \u0026raquo;",
"product": "" || "product",
"products": "" || "products",
"products_one": "" || "1 product",
"products_plural": "" || "{{results}} products",
"products_zero": "" || "0 products",
"quick_shop": "" || "Quick Shop",
"refinement_d1": "" || "Deep",
"refinement_d2": "" || "Deep",
"refinement_d3": "" || "Deep",
"refinement_description_full": "" || "Provides opaque coverage for flawless results.",
"refinement_description_moderate": "" || "Perfects, yet lets natural skin show through.",
"refinement_description_sheer": "" || "Gives see-through barely-there coverage.",
"refinement_m1": "" || "Medium",
"refinement_m2": "" || "Medium",
"refinement_m3": "" || "Medium",
"refinement_mf1": "" || "Moderately Fair",
"refinement_mf2": "" || "Moderately Fair",
"refinement_mf3": "" || "Moderately Fair",
"refinement_vf1": "" || "Very Fair",
"refinement_vf2": "" || "Very Fair",
"refinement_vf3": "" || "Very Fair",
"related_information": "" || "related information",
"result": "" || "result",
"results": "" || "results",
"results_one": "" || "1 result",
"results_plural": "" || "{{results}} results",
"results_zero": "" || "0 results",
"returned": "" || "returned",
"review": "" || "review",
"reviews": "" || "reviews",
"search": "Search" || "Search",
"search_again": "Search Again" || "Search Again",
"search_all_products": "Show all products" || "Show all products",
"search_results": "Search Results" || "Search Results",
"search_results_totals_prefix": "Displaying" || "Displaying",
"search_results_totals_divider": "of" || "of",
"search_results_totals_suffix": "Results" || "Results",
"search_within": "Search within these results" || "Search within these results",
"select_size": "" || "Select Size",
"select_shade": "" || "Select Shade",
"select_shade_size": "" || "Select Shade and Size",
"shop_all_shades": "" || "Shop All Shades",
"shop_now": "" || "Shop Now",
"show_all": "" || "Show all...",
"show_results": "See All Results" || "See All Results",
"showing": "" || "Showing",
"shown": "" || "shown",
"sort_by": "" || "Sort by",
"sorting_p_average_rating": "" || "Top Rated",
"sorting_s_price": "" || "Price $-$$",
"summary_auto_correct": "" || "However, \u0022{{correctedTerms}}\u0022 returned",
"summary_content": "" || "1-{{totalRecords}} of {{totalRecords}} {{resultText}}",
"summary_corrected_returned": "" || "",
"summary_did_you_mean": "" || "(Did you mean {{Term}}?)",
"summary_no_items_found": "" || "No Items Found",
"summary_no_results": "" || "No items found matching \u0022\u003Cspan class=\u0022user-search-term\u0022\u003E{{searchTerm}}\u003C\/span\u003E\u0022.",
"summary_no_results_suggestion": "" || "We suggest you check for typos, broaden your search and enter the type of product you need.",
"summary_no_term": "" || "Please enter a keyword in the search box below and click SEARCH.",
"summary_product": "" || "(Showing {{startingRecord}} to {{endingRecord}} of {{totalProductRecords}} {{resultText}})",
"summary_product_mobile": "" || "({{startingRecord}}-{{endingRecord}} of {{totalProductRecords}} {{resultText}})",
"summary_results_returned": "" || "Your search for \u0022\u003Cspan class=\u0022user-search-term\u0022\u003E{{searchTerm}}\u003C\/span\u003E\u0022 returned {{resultsText}}",
"to": "" || "to",
"top": "" || "Top",
"top_shades": "" || "Top 4 shades shown.",
"typeahead_content_summary": "" || "(1 of {{totalContentRecords}} shown)",
"typeahead_no_results": "" || "No results found",
"typeahead_one_results": "" || "Top result shown",
"typeahead_product_summary": "" || "({{endingRecord}} of {{totalProductRecords}} shown)",
"typeahead_see_all": "" || "view all results \u0026raquo;",
"typeahead_summary": "" || "Top {{totalRecords}} {{resultText}} shown",
"typeahead_top_results": "" || "Top {{recsShown}} results shown",
"view_details": "" || "View Details \u0026raquo;",
"watch_video": "" || "Watch Video",
"your_search_for": "" || "Your search for"
});
</script>
<!-- /#cms-api-section: esearch_translations -->       </div>  </div>

  
  
</div>
  </div></div>




<div class="block block-nodeblock block-nodeblock-508 block-nodeblock-5164">
      <div class="content">  <div id="node-5164" class="node node-elc-translation-set node-promoted no-sidebars clearfix" role="article" trackname="Endeca - endeca_predictive_search">

  
      
  
  <div class="content">
    <div class="field-elc-ts-content">
             <!-- #cms-api-section: endeca_typeahead_product_result_pc --><script type="text/html" class="inline-template" path="/templates/endeca/typeahead/product-result.tmpl">
  <div class="header-search__result header-search__result--product">
    <a href="{{{url}}}" class="header-search__result__image">
      <img src="{{defaultSku.SMALL_IMAGE}}" />
    </a>
    <div class="header-search__result__body">
      {{^ globals.variables.display_sub_line }}
        {{# PROD_RGN_NAME }}<a class="header-search__result__link" href="{{{ url }}}">{{{ PROD_RGN_NAME }}}</a>{{/ PROD_RGN_NAME }}
        {{# PRODUCT_BUZZWORDS }}
          <div class="header-search__result__description">
            {{{ PRODUCT_BUZZWORDS }}}
            <div class="header-search__restricted-eligible{{^RESTRICT_GROUP}} hidden{{/RESTRICT_GROUP}}">{{{ globals.t.product.loyalty_mpp_eligible }}}</div>
          </div>
        {{/ PRODUCT_BUZZWORDS }}
      {{/ globals.variables.display_sub_line }}
      {{# globals.variables.display_sub_line }}
        {{# SUB_LINE }}
          <a class="header-search__result__link product__subline" href="{{{ url }}}">{{{ SUB_LINE }}}</a>
        {{/ SUB_LINE }}
        {{# PROD_RGN_NAME }}
          <div class="header-search__result__description product_rgn_name_below_subline">
            {{{ PROD_RGN_NAME }}}
            <div class="header-search__restricted-eligible{{^RESTRICT_GROUP}} hidden{{/RESTRICT_GROUP}}">{{{ globals.t.product.loyalty_mpp_eligible }}}</div>
          </div>
        {{/ PROD_RGN_NAME }}
      {{/ globals.variables.display_sub_line }}
    </div>
  </div>
</script>
<!-- /#cms-api-section: endeca_typeahead_product_result_pc -->         <!-- #cms-api-section: endeca_typeahead_product_sku_result_pc --><script type="text/html" class="inline-template" path="/templates/endeca/typeahead/product-sku-result.tmpl">
    <div class="header-search__result header-search__result--sku">
      <a href="{{{url}}}" class="header-search__result__image">
        <img src="{{{skus.0.SMALL_IMAGE}}}" />
      </a>

      <div class="header-search__result__body">
      {{^ globals.variables.display_sub_line }}
        {{# PROD_RGN_NAME }}<a class="header-search__result__link" href="{{{ url }}}">{{{ PROD_RGN_NAME }}}</a>{{/ PROD_RGN_NAME }}
        <div class="header-search__result__description{{{#shaded}}} sku-shaded{{{/shaded}}}">
          {{{#shaded}}}{{{skus.0.SHADENAME}}}{{{/shaded}}}
          {{# PRODUCT_BUZZWORDS }}
            <span class="description-copy">{{{ PRODUCT_BUZZWORDS }}}</span>
            <div class="header-search__restricted-eligible{{^RESTRICT_GROUP}} hidden{{/RESTRICT_GROUP}}">{{{ globals.t.product.loyalty_mpp_eligible }}}</div>
          {{/ PRODUCT_BUZZWORDS }}
        </div>
      {{/ globals.variables.display_sub_line }}
      {{# globals.variables.display_sub_line }}
        <a class="header-search__result__link product__subline" href="{{{ url }}}">{{ SUB_LINE }}</a>
        <div class="header-search__result__description{{{#shaded}}} sku-shaded{{{/shaded}}}">
          {{{#shaded}}}{{{skus.0.SHADENAME}}}{{{/shaded}}}
          {{# PROD_RGN_NAME }}
            <span class="description-copy product_rgn_name_below_subline">{{{ PROD_RGN_NAME }}}</span>
            <div class="header-search__restricted-eligible{{^RESTRICT_GROUP}} hidden{{/RESTRICT_GROUP}}">{{{ globals.t.product.loyalty_mpp_eligible }}}</div>
          {{/ PROD_RGN_NAME }}
        </div>
      {{/ globals.variables.display_sub_line }}
      </div>
    </div>
</script>
<!-- /#cms-api-section: endeca_typeahead_product_sku_result_pc -->         <!-- #cms-api-section: endeca_typeahead_term_result_pc --><script type="text/html" class="inline-template" path="/templates/endeca/typeahead/term-result.tmpl">
<a class="header-search__term-result link" href="{{{url}}}">{{{term}}}</a>
</script>
<!-- /#cms-api-section: endeca_typeahead_term_result_pc -->       </div>  </div>

  
  
</div>
  </div></div>

<div class="back-to-top"></div>
        <!-- HTML5 shim, Respond.js and Selectivizr IE8 support of HTML5 elements, media queries and CSS3 psuedo-classes -->
        <script>var site = site || {};
site["templates"] = {"product_detail_v1":{"content":"\u003Cheader class=\u0022product__header\u0022\u003E\n  \u003Cdiv class=\u0022product_header_details\u0022\u003E\n    \u003Ca class=\u0022product__name-link js-product__link-to-spp\u0022 href=\u0022{{url}}{{# shaded }}{{ qs_shade_route }}{{\/ shaded }}\u0022\u003E\n      {{^ globals.variables.display_sub_line }}\n        {{# PROD_RGN_NAME }}\u003Ch3 class=\u0022product__name\u0022\u003E{{ PROD_RGN_NAME }}\u003C\/h3\u003E{{\/ PROD_RGN_NAME }}\n      {{\/ globals.variables.display_sub_line }}\n      {{# globals.variables.display_sub_line }}\n        {{# SUB_LINE }}\u003Ch3 class=\u0022product__subline\u0022\u003E{{ SUB_LINE }}\u003C\/h3\u003E{{\/ SUB_LINE }}\n      {{\/ globals.variables.display_sub_line }}\n      {{# globals.variables.display_name_short}}\n        \u003Ch3 class=\u0022product__name product__name_short\u0022\u003E{{ NAME_SHORT }}\u003C\/h3\u003E\n      {{\/ globals.variables.display_name_short}}\n    \u003C\/a\u003E\n\n    {{# mac_product_layout.product_teaser }}\n      {{^ globals.variables.display_sub_line }}\n      {{^RESTRICT_GROUP}}\n        \u003Cp class=\u0022product__description-short\u0022\u003E{{{ PRODUCT_BUZZWORDS }}}\u003C\/p\u003E\n      {{\/RESTRICT_GROUP}}\n      {{#RESTRICT_GROUP}}\n        \u003Cdiv class=\u0022product__description-short\u0022\u003E\n          {{#PRODUCT_BUZZWORDS}}\u003Cp class=\u0022product__restricted product__restricted-desc\u0022\u003E{{{ PRODUCT_BUZZWORDS }}}\u003C\/p\u003E{{\/PRODUCT_BUZZWORDS}}\n          \u003Cp class=\u0022product__restricted product__restricted-signin hidden\u0022\u003E{{{ globals.t.product.loyalty_mpp_signin }}}\u003C\/p\u003E\n          \u003Cp class=\u0022product__restricted product__restricted-optin hidden\u0022\u003E{{{ globals.t.product.loyalty_mpp_optin }}}\u003C\/p\u003E\n          \u003Cp class=\u0022product__restricted product__restricted-eligible hidden\u0022\u003E{{{ globals.t.product.loyalty_mpp_eligible }}}\u003C\/p\u003E\n          \u003Cp class=\u0022product__restricted product__restricted-pro hidden\u0022\u003E{{{ globals.t.product.loyalty_mpp_pro }}}\u003C\/p\u003E\n        \u003C\/div\u003E\n      {{\/RESTRICT_GROUP}}\n      {{\/ globals.variables.display_sub_line }}\n      {{# globals.variables.display_sub_line }}\n        {{# PROD_RGN_NAME }}\u003Cp class=\u0022product__description-short product_rgn_name_below_subline\u0022\u003E{{{ PROD_RGN_NAME }}}\u003C\/p\u003E{{\/ PROD_RGN_NAME }}\n      {{\/ globals.variables.display_sub_line }}\n    {{\/ mac_product_layout.product_teaser }}\n\n    {{# sku_as_product }}\n      {{# mini_teaser }}\n        {{# shaded }}\n          \u003Cdiv class=\u0022product__mini-detail product__mini-detail--shade product__shade-name\u0022\u003E\n            {{ globals.t.product.miniprod_shade }} \u003Cspan\u003E{{# SHADENAME }} {{{ SHADENAME }}} {{\/ SHADENAME }}{{^ SHADENAME }} {{{ defaultSku.SHADENAME }}} {{\/ SHADENAME }}\u003C\/span\u003E\n            \u003Ca href=\u0022#\u0022 class=\u0022product__product-life-tooltip js-shade-description-tooltip\u0022 data-title=\u0022{{ globals.t.product.limited_edition }}\u0022\u003E\u003C\/a\u003E\n            {{# FINISH }}\n              \u003Cp\u003E[{{{ FINISH }}}]\u003C\/p\u003E\n            {{\/ FINISH }}\n            {{^ FINISH }}\n              {{# defaultSku.FINISH }}\n                \u003Cp\u003E[{{{ defaultSku.FINISH }}}]\u003C\/p\u003E\n              {{\/ defaultSku.FINISH }}\n            {{\/ FINISH }}\n          \u003C\/div\u003E\n        {{\/ shaded }}\n        {{#RESTRICT_GROUP}}\n          \u003Cp class=\u0022product__restricted product__restricted-eligible hidden\u0022\u003E{{{ globals.t.product.loyalty_mpp_eligible }}}\u003C\/p\u003E\n        {{\/RESTRICT_GROUP}}\n        \u003Cp class=\u0022product__mini-detail product__mini-detail--size\u0022\u003E{{# PRODUCT_SIZE }} {{{ PRODUCT_SIZE }}} {{\/ PRODUCT_SIZE }}{{^ PRODUCT_SIZE }} {{{ defaultSku.PRODUCT_SIZE }}} {{\/ PRODUCT_SIZE }}\u003C\/p\u003E\n      {{\/ mini_teaser }}\n    {{\/ sku_as_product }}\n    {{# mac_product_layout.dual_product_layout}}\n    \u003C\/div\u003E\n    \u003Cdiv class=\u0022product__collection_dual_image\u0022\u003E\n      \u003Cdiv class=\u0022product__image-medium {{#defaultSku}}{{#MEDIUM_IMAGE.1}}product__image-medium--alt{{\/MEDIUM_IMAGE.1}}{{\/defaultSku}}\u0022\u003E\n        \u003Ca class=\u0022product__image-medium-link js-product__link-to-spp\u0022 href=\u0022{{url}}{{# shaded }}{{ qs_shade_route }}{{\/ shaded }}\u0022\u003E\n          {{! SKU_ID indicates that a sku has been rendered. If NOT SKU_ID, then product is in the MPP state (a sku is not chosen)}}\n          {{# mac_img_alts.has_medium_alt }}\n            {{# defaultSku }}\n              \u003Cimg class=\u0022product__sku-image--default--medium fade-non-shoppable-product\u0022 src=\u0022{{ MEDIUM_IMAGE.0 }}\u0022 alt=\u0022\u0022 title=\u0022{{ PROD_RGN_NAME }}\u0022 \/\u003E\n              {{# MEDIUM_IMAGE.1 }}\u003Cimg class=\u0022product__sku-image--alt--medium fade-non-shoppable-product\u0022 src=\u0022{{.}}\u0022 alt=\u0022\u0022 title=\u0022{{ PROD_RGN_NAME }}\u0022 \/\u003E{{\/ MEDIUM_IMAGE.1 }}\n            {{\/ defaultSku }}\n          {{\/ mac_img_alts.has_medium_alt }}\n          {{! SKU_ID indicates that a sku has been chosen and rendered }}\n          {{^ mac_img_alts.has_medium_alt }}\n            \u003Cimg class=\u0022product__sku-image--rendered--medium fade-non-shoppable-product\u0022 src=\u0022{{ MEDIUM_IMAGE.0 }}\u0022 alt=\u0022\u0022 title=\u0022{{ PROD_RGN_NAME }}\u0022\/\u003E\n          {{\/ mac_img_alts.has_medium_alt }}\n        \u003C\/a\u003E\n      \u003C\/div\u003E\n    \u003C\/div\u003E\n  {{\/mac_product_layout.dual_product_layout}}\n  {{# mac_product_layout.product_teaser }}\n    {{# AVERAGE_RATING_PERCENT }}\n      \u003Cdiv class=\u0022product__rating\u0022\u003E\n        \u003Cdiv class=\u0022product__rating-stars\u0022\u003E\n          \u003Cdiv style=\u0022width: {{ AVERAGE_RATING_PERCENT }}%;\u0022 class=\u0022product__rating-percentage\u0022\u003E\n            \u003Cdiv class=\u0022product__rating-stars-rating\u0022\u003E\u003C\/div\u003E\n          \u003C\/div\u003E\n        \u003C\/div\u003E\n      \u003C\/div\u003E\n    {{\/ AVERAGE_RATING_PERCENT }}\n    {{^ AVERAGE_RATING_PERCENT }}\n      \u003Cdiv class=\u0022product__rating\u0022\u003E\n        \u003Cspan class=\u0022product__rating-non\u0022\u003E{{ globals.t.product.prod_reviews_no_rating }}\u003C\/span\u003E\u003C\/div\u003E\n    {{\/ AVERAGE_RATING_PERCENT }}\n    \u003Cdiv class=\u0022product__price\u0022\u003E\n      {{#defaultSku}}        \n        {{# globals.variables.display_tax_price }}\n            \u003Cspan class=\u0022product__price--standard{{#PRICE2}} product__price--sale{{\/PRICE2}}\u0022\u003E{{globals.t.product.with_tax_text}}{{formattedTaxedPrice}}\u003C\/span\u003E\n         {{\/ globals.variables.display_tax_price }}\n         {{^ globals.variables.display_tax_price }}\n             {{#priceRange}}\u003Cspan class=\u0022product__price--standard\u0022\u003E{{{ priceRange }}}\u003C\/span\u003E{{\/priceRange}}\n             {{^priceRange}}\n              {{#PRICE2}}\u003Cspan class=\u0022 product__price--non-sale\u0022\u003E{{{ formattedPrice2 }}}\u003C\/span\u003E{{\/PRICE2}}\n               \u003Cspan class=\u0022product__price--standard{{#PRICE2}} product__price--sale{{\/PRICE2}}\u0022\u003E{{{ formattedPrice }}}\u003C\/span\u003E\n             {{\/priceRange}}\n        {{\/ globals.variables.display_tax_price }}\n      {{\/defaultSku}}\n    \u003C\/div\u003E\n    \u003Cdiv class=\u0022product__faves--teaser product__faves--teaser_mobile\u0022\u003E{{\u003E molecules_add_to_favorites }}\u003C\/div\u003E\n    \u003Cdiv class=\u0022product__price_set {{# globals.variables.display_installment_price }}{{# formattedInstallmentPrice }} product__installment_price {{\/ formattedInstallmentPrice }} {{^ formattedInstallmentPrice }}{{# defaultSku.formattedInstallmentPrice }} product__installment_price {{\/ defaultSku.formattedInstallmentPrice }}{{\/ formattedInstallmentPrice }} {{^ formattedInstallmentPrice }}{{^ defaultSku.formattedInstallmentPrice }} no__product_installment_price {{\/ defaultSku.formattedInstallmentPrice }}{{\/ formattedInstallmentPrice }}{{\/ globals.variables.display_installment_price }}\u0022\u003E\n      {{# globals.variables.display_ppu_price }}\u003Cdiv class=\u0022product__price_ppu clear\u0022\u003E{{#defaultSku.formattedUnitPrice}}\u003Cspan class=\u0022product__size--ppu\u0022\u003E{{{ defaultSku.PRODUCT_SIZE }}}\u003C\/span\u003E\u003Cspan class=\u0022product__size--hiphen--ppu\u0022\u003E - \u003C\/span\u003E{{\/defaultSku.formattedUnitPrice}}{{^defaultSku.formattedUnitPrice}}{{#formattedUnitPrice}}\u003Cspan class=\u0022product__size--ppu\u0022\u003E{{{ PRODUCT_SIZE }}}\u003C\/span\u003E\u003Cspan class=\u0022product__size--hiphen--ppu\u0022\u003E - \u003C\/span\u003E{{\/formattedUnitPrice}}{{\/defaultSku.formattedUnitPrice}}\n      \u003Cspan class=\u0022product__price_ppu--inside\u0022\u003E{{#defaultSku}}{{{ formattedUnitPrice }}}{{\/defaultSku}}\u003C\/span\u003E\u003C\/div\u003E{{\/ globals.variables.display_ppu_price }}\n      {{# globals.variables.display_installment_price }}{{# formattedInstallmentPrice}}\u003Cdiv class=\u0022product__price-installment\u0022\u003E {{{formattedInstallmentPrice}}} \u003C\/div\u003E{{\/ formattedInstallmentPrice}}{{^ formattedInstallmentPrice}}{{# defaultSku.formattedInstallmentPrice }}\u003Cdiv class=\u0022product__price-installment\u0022\u003E {{ defaultSku.formattedInstallmentPrice }} \u003C\/div\u003E{{\/ defaultSku.formattedInstallmentPrice }}{{\/ formattedInstallmentPrice}}{{\/ globals.variables.display_installment_price }}\n    \u003C\/div\u003E\n      \u003Cdiv class=\u0022product__faves--teaser\u0022\u003E{{\u003E molecules_add_to_favorites }}\u003C\/div\u003E\n    {{\/ mac_product_layout.product_teaser }}\n\n  {{# tiny_teaser }}\n    {{# shaded }}\n      \u003Cp class=\u0022product__tiny-detail product__tiny-detail--shade product__shade-name\u0022\u003E{{ globals.t.product.miniprod_shade }} \u003Cspan\u003E{{# SHADENAME }}{{{ SHADENAME }}}{{\/ SHADENAME }}{{^ SHADENAME }}{{ defaultSku.SHADENAME }}{{\/ SHADENAME }}\u003C\/span\u003E\u003C\/p\u003E\n    {{\/ shaded }}\n    {{^ shaded }}\n      \u003Cp class=\u0022product__tiny-detail product__tiny-detail--size\u0022\u003E{{# PRODUCT_SIZE }} {{{ PRODUCT_SIZE }}} {{\/ PRODUCT_SIZE }}{{^ PRODUCT_SIZE }} {{{ defaultSku.PRODUCT_SIZE }}} {{\/ PRODUCT_SIZE }}\u003C\/p\u003E\n    {{\/ shaded }}\n  {{\/ tiny_teaser }}\n\n  {{! Triggers for full and quickshop }}\n  {{^ mac_product_layout.product_teaser }}\n    {{^ globals.variables.display_sub_line }}\n    {{^RESTRICT_GROUP}}\n      \u003Cp class=\u0022product__description-short\u0022\u003E{{{ SHORT_DESC }}}\u003C\/p\u003E\n    {{\/RESTRICT_GROUP}}\n    {{#RESTRICT_GROUP}}\n      \u003Cdiv class=\u0022product__description-short\u0022\u003E\n        {{#SHORT_DESC}}\u003Cp class=\u0022product__restricted product__restricted-desc\u0022\u003E{{{ SHORT_DESC }}}\u003C\/p\u003E{{\/SHORT_DESC}}\n        \u003Cp class=\u0022product__restricted product__restricted-signin hidden\u0022\u003E{{{ globals.t.product.loyalty_spp_signin }}}\u003C\/p\u003E\n        \u003Cp class=\u0022product__restricted product__restricted-optin hidden\u0022\u003E{{{ globals.t.product.loyalty_spp_optin }}}\u003C\/p\u003E\n        \u003Cp class=\u0022product__restricted product__restricted-eligible hidden\u0022\u003E{{{ globals.t.product.loyalty_spp_eligible }}}\u003C\/p\u003E\n        \u003Cp class=\u0022product__restricted product__restricted-pro hidden\u0022\u003E{{{ globals.t.product.loyalty_mpp_pro }}}\u003C\/p\u003E\n      \u003C\/div\u003E\n    {{\/RESTRICT_GROUP}}\n    {{\/ globals.variables.display_sub_line }}\n    {{# globals.variables.display_sub_line }}\n      {{# PROD_RGN_NAME }}\u003Cdiv class=\u0022product__description-short product_rgn_name_below_subline\u0022\u003E{{{ PROD_RGN_NAME }}}\u003C\/div\u003E{{\/ PROD_RGN_NAME }}\n    {{\/ globals.variables.display_sub_line }}\n  {{\/ mac_product_layout.product_teaser }}\n\n\n  {{# mac_product_layout.product_full }}\n  {{# AVERAGE_RATING_ROUNDED }}\n    \u003Cdiv class=\u0022product__rating product__rating--header\u0022\u003E\n      \u003Cspan class=\u0022product__rating--title\u0022\u003E{{ globals.t.product.prod_rating }}\u003C\/span\u003E\n      {{# AVERAGE_RATING_PERCENT }}\n      \u003Cdiv class=\u0022product__rating\u0022\u003E\n        \u003Cdiv class=\u0022product__rating-stars\u0022\u003E\n          \u003Cdiv style=\u0022width: {{ AVERAGE_RATING_PERCENT }}%;\u0022 class=\u0022product__rating-percentage\u0022\u003E\n            \u003Cdiv class=\u0022product__rating-stars-rating\u0022\u003E\u003C\/div\u003E\n          \u003C\/div\u003E\n        \u003C\/div\u003E\n      \u003C\/div\u003E\n    {{\/ AVERAGE_RATING_PERCENT }}\n    \u003C\/div\u003E\n  {{\/ AVERAGE_RATING_ROUNDED }}\n  {{^ AVERAGE_RATING_ROUNDED }}\n    \u003Cdiv class=\u0022product__rating product__rating--header\u0022\u003E\n      \u003Cspan class=\u0022product__rating--no_rating\u0022\u003E{{ globals.t.product.prod_reviews_no_rating }}\u003C\/span\u003E\n    \u003C\/div\u003E\n  {{\/ AVERAGE_RATING_ROUNDED }}\n  \u003Cp class=\u0022product__description-buzzwords\u0022\u003E{{{ PRODUCT_BUZZWORDS }}}\u003C\/p\u003E\n  {{! LARGE screen overlay details }}\n    \u003Cdiv class=\u0022product__description-overlay-accordion product__description-wrapper {{# DESCRIPTION }}product__description-wrapper--description-desc{{\/ DESCRIPTION }} {{# CLAIMS }}product__description-wrapper--benefits-usage{{\/ CLAIMS }}\u0022\u003E\n      \u003Cdiv class=\u0022product__description-column\u0022\u003E\n        {{# DESCRIPTION }}\n          \u003Cdiv class=\u0022product__description-group product__description--full\u0022\u003E\n            \u003Cdiv class=\u0022product__description-desc--trigger\u0022 data-tab=\u0022product__description--full\u0022\u003E\n              \u003Ch4 class=\u0022product__description-trigger-title\u0022\u003E{{ globals.t.product.sppprod_desc_label }}\u003C\/h4\u003E\n            \u003C\/div\u003E\n            \u003Cdiv class=\u0022product__description-group-body\u0022\u003E{{{ DESCRIPTION }}}{{# AWARD_1}}\u003Cbr \/\u003E\u003Cbr \/\u003E{{{ AWARD_1 }}}{{\/ AWARD_1}}\u003C\/div\u003E\n          \u003C\/div\u003E\n        {{\/ DESCRIPTION }}\n        {{#SKU_NOTES}}\n          \u003Cdiv class=\u0022product__description-group product__description--sku_notes\u0022\u003E\n            \u003Cdiv class=\u0022product__description-desc--trigger\u0022 data-tab=\u0022product__description--sku_notes\u0022\u003E\n              \u003Ch4 class=\u0022product__description-trigger-title\u0022\u003E{{ globals.t.product.sppprod_sku_notes_label }}\u003C\/h4\u003E\n            \u003C\/div\u003E\n            \u003Cdiv class=\u0022product__description-group-body\u0022\u003E{{{SKU_NOTES}}}\u003C\/div\u003E\n          \u003C\/div\u003E\n        {{\/SKU_NOTES}}\n        {{# CLAIMS }}\n          \u003Cdiv class=\u0022product__description-group product__description--benefits\u0022\u003E\n            \u003Cdiv class=\u0022product__description-desc--trigger\u0022 data-tab=\u0022product__description--benefits\u0022\u003E\n              \u003Ch4 class=\u0022product__description-trigger-title\u0022\u003E{{ globals.t.product.sppprod_claims_label }}\u003C\/h4\u003E\n            \u003C\/div\u003E\n            \u003Cdiv class=\u0022product__description-group-body\u0022\u003E{{{ CLAIMS }}}\u003C\/div\u003E\n          \u003C\/div\u003E\n        {{\/ CLAIMS }}\n        {{# PRODUCT_USAGE }}\n          \u003Cdiv class=\u0022product__description-group product__description--usage\u0022\u003E\n            \u003Cdiv class=\u0022product__description-desc--trigger\u0022 data-tab=\u0022product__description--usage\u0022\u003E\n              \u003Ch4 class=\u0022product__description-trigger-title\u0022\u003E{{ globals.t.product.sppprod_use_label }}\u003C\/h4\u003E\n            \u003C\/div\u003E\n            \u003Cdiv class=\u0022product__description-group-body\u0022\u003E{{{ PRODUCT_USAGE }}}\u003C\/div\u003E\n          \u003C\/div\u003E\n        {{\/ PRODUCT_USAGE }}\n        {{# globals.variables.display_ingredients }}\n          \u003Cdiv class=\u0022product__description--ingredients\u0022\u003E\n            \u003Ch4 class=\u0022product__description-trigger-title\u0022\u003E{{ globals.t.product.ingredients_title }}\u003C\/h4\u003E\n          \u003C\/div\u003E\n        {{\/ globals.variables.display_ingredients }}\n      \u003C\/div\u003E\n    \u003C\/div\u003E\n  {{\/ mac_product_layout.product_full }}\n\n\u003C\/header\u003E\n\n\u003Cdiv class=\u0022product__images js-shade-trigger\u0022\u003E\n\n  \u003Cdiv class=\u0022product__images-inner carousel-wrapper\u0022\u003E\n\n    {{# mac_product_layout.product_full }}\n      \u003Csection class=\u0022product-carousel carousel\u0022\u003E\n      {{! default = spp image carousel; alt_3up_img = 3 up 50% then 2 at 25% }}\n        \u003Cdiv class=\u0022{{^ mac_img_alts.alt_3up }}product-carousel__slides{{\/ mac_img_alts.alt_3up }}{{# mac_img_alts.alt_3up }}product-full__3up-images{{\/ mac_img_alts.alt_3up }}\u0022\u003E\n\n          {{# LARGE_IMAGE }}\n            \u003Cdiv class=\u0022carousel-slide product-full__img\u0022\u003E\n              \u003Cimg class=\u0022product__sku-image\u0022 data-src=\u0022{{ image_path }}{{ . }}\u0022 src=\u0022\/media\/export\/cms\/products\/640x600\/transparent.gif\u0022 alt=\u0022\u0022 title=\u0022{{ PROD_RGN_NAME }}\u0022 {{# globals.variables.show_test_attribute}} data-test-id=\u0022mpp_products_image\u0022 {{\/ globals.variables.show_test_attribute }}\/\u003E\n            \u003C\/div\u003E\n          {{\/ LARGE_IMAGE }}\n\n          \u003C!-- This is destroyed first detail render --\u003E\n          {{# LARGE_IMAGE }}\n            \u003Cimg class=\u0022product__sku-image--default\u0022 data-src=\u0022{{ image_path }}{{ . }}\u0022 src=\u0022\/media\/export\/cms\/products\/640x600\/transparent.gif\u0022 alt=\u0022\u0022 title=\u0022{{ PROD_RGN_NAME }}\u0022 {{# globals.variables.show_test_attribute}} data-test-id=\u0022mpp_products_image\u0022 {{\/ globals.variables.show_test_attribute }} \/\u003E\n          {{\/ LARGE_IMAGE }}\n        \u003C\/div\u003E\n      \u003C\/section\u003E\n    {{\/ mac_product_layout.product_full }}\n\n    {{# mac_product_layout.product_teaser }}\n      \u003Cdiv class=\u0022product__image-medium {{#defaultSku}}{{#MEDIUM_IMAGE.1}}product__image-medium--alt{{\/MEDIUM_IMAGE.1}}{{\/defaultSku}}\u0022\u003E\n        {{# globals.variables.display_notify_tos }}{{# globals.t.product.temp_out_of_stock_msg }}\u003Cdiv class=\u0022js-inv-status-2 product__inv-status-item temp-out-of-stock__text\u0022\u003E{{{ globals.t.product.temp_out_of_stock_msg }}}\u003C\/div\u003E {{\/ globals.t.product.temp_out_of_stock_msg }}{{\/ globals.variables.display_notify_tos }}\n        {{# globals.variables.display_notify_cs }}{{# globals.t.product.coming_soon_stock_msg}}\u003Cdiv class=\u0022js-inv-status-3 product__inv-status-item coming_soon-full_text\u0022\u003E{{{ globals.t.product.coming_soon_stock_msg }}}\u003C\/div\u003E{{\/ globals.t.product.coming_soon_stock_msg }}{{\/ globals.variables.display_notify_cs }}\n        \u003Ca class=\u0022product__image-medium-link js-product__link-to-spp\u0022 href=\u0022{{url}}{{# shaded }}{{ qs_shade_route }}{{\/ shaded }}\u0022\u003E\n        {{! SKU_ID indicates that a sku has been rendered. If NOT SKU_ID, then product is in the MPP state (a sku is not chosen)}}\n        {{# mac_img_alts.has_medium_alt }}\n        {{# defaultSku }}\n          {{# MEDIUM_IMAGE.0 }}\u003Cimg class=\u0022product__sku-image--default--medium fade-non-shoppable-product\u0022 src=\u0022{{ . }}\u0022 alt=\u0022\u0022 title=\u0022{{ PROD_RGN_NAME }}\u0022 \/\u003E{{\/ MEDIUM_IMAGE.0 }}\n          {{# MEDIUM_IMAGE.1 }}\u003Cimg class=\u0022product__sku-image--alt--medium fade-non-shoppable-product\u0022 src=\u0022{{.}}\u0022 alt=\u0022\u0022 title=\u0022{{ PROD_RGN_NAME }}\u0022 \/\u003E{{\/ MEDIUM_IMAGE.1 }}\n        {{\/ defaultSku }}\n        {{\/ mac_img_alts.has_medium_alt }}\n \n        {{! SKU_ID indicates that a sku has been chosen and rendered }}\n        {{^ mac_img_alts.has_medium_alt }}\n          {{# defaultSku }}\n            \u003Cimg class=\u0022product__sku-image--rendered--medium fade-non-shoppable-product\u0022 src=\u0022{{ MEDIUM_IMAGE }}\u0022 alt=\u0022\u0022 title=\u0022{{ PROD_RGN_NAME }}\u0022 {{# globals.variables.show_test_attribute}} data-test-id=\u0022mpp_products_image\u0022 {{\/ globals.variables.show_test_attribute }}\/\u003E\n          {{\/ defaultSku }}\n        {{\/ mac_img_alts.has_medium_alt }}\n        \u003C\/a\u003E\n      \u003C\/div\u003E\n    {{\/ mac_product_layout.product_teaser }}\n\n  \u003C\/div\u003E\n\u003C\/div\u003E\n\n{{# tiny_teaser }}\n\u003Cdiv class=\u0022product__image-small\u0022\u003E\n  \u003Ca class=\u0022product__image-small-link js-product__link-to-spp\u0022 href=\u0022{{url}}{{# shaded }}{{ qs_shade_route }}{{\/ shaded }}\u0022\u003E\n  {{# defaultSku }}\n    {{# SMALL_IMAGE }}\u003Cimg class=\u0022\u0022 src=\u0022{{ SMALL_IMAGE }}\u0022 alt=\u0022\u0022 title=\u0022{{ PROD_RGN_NAME }}\u0022 \/\u003E{{\/ SMALL_IMAGE }}\n  {{\/ defaultSku }}\n  \u003C\/a\u003E\n\u003C\/div\u003E\n{{\/ tiny_teaser }}\n\n\u003Cfooter class=\u0022product__footer{{# isPurchased }} sku--purchased{{\/isPurchased}}\u0022\u003E\n  {{# shaded }}\n    \u003Cdiv class=\u0022view-all-shades view-all-shades--mobile hide-xlarge-up js-trigger-mobile-shade-selector\u0022\u003E\n      \u003Cspan class=\u0022view-all-shades__text\u0022\u003E{{ globals.t.product.prod_shades_view_all }} \u003Cspan id=\u0022sku_count\u0022\u003E{{ sku_count }}\u003C\/span\u003E {{ globals.t.product.prod_shades_shades }}\u003C\/span\u003E\n    \u003C\/div\u003E\n\n    \u003Cdiv class=\u0022product__product-details-shade\u0022\u003E\n\n      \u003Cdiv class=\u0022product__product-details-shade-smoosh shade-picker__color-wrapper\u0022\u003E\n        \u003Ca class=\u0022js-product__link-to-spp js-trigger-mobile-shade-selector\u0022 href=\u0022{{url}}{{ qs_shade_route }}\u0022\u003E\u003Cdiv class=\u0022shade-picker__color-texture\u0022 style=\u0022background-image: url(\u0027{{ image_path }}{{ IMAGE_SMOOSH }}\u0027); background-color: {{HEX_VALUE_STRING}}\u0022\u003E\u003C\/div\u003E\u003C\/a\u003E\n      \u003C\/div\u003E\n\n      \u003Cdiv class=\u0022product__product-details-shade-name\u0022 {{^ quickshop }}style=\u0022color:{{ HEX_VALUE_STRING }};\u0022{{\/ quickshop }}\u003E{{ SHADENAME }}\u003C\/div\u003E\n      \u003Cdiv class=\u0022product__product-details-shade-description\u0022\u003E{{ SHADE_DESCRIPTION }}\u003Ca href=\u0022#\u0022 class=\u0022product__product-life-tooltip js-shade-description-tooltip\u0022 data-title=\u0022{{ globals.t.product.limited_edition }}\u0022\u003E\u003C\/a\u003E\u003C\/div\u003E\n      {{# FINISH }}\n        \u003Cdiv class=\u0022product__shade-finish\u0022\u003E[{{ FINISH }}]\u003C\/div\u003E\n      {{\/FINISH}}\n    \u003C\/div\u003E\n  {{\/ shaded }}\n\n  {{# sku_as_product }}\n    {{# mini_teaser }}\n      {{# shaded }}\n        {{# defaultSku }}\n        \u003Cdiv class=\u0022product__product-details-shade-smoosh product__product-details-shade-smoosh--mini shade-picker__color-wrapper shade-picker__color-wrapper--mini\u0022\u003E\n          \u003Ca class=\u0022\u0022 href=\u0022{{url}}{{ qs_shade_route }}\u0022\u003E\u003Cdiv class=\u0022shade-picker__color-texture\u0022 style=\u0022background-image: url(\u0027{{ image_path }}{{ defaultSku.IMAGE_SMOOSH }}\u0027); background-color: {{ defaultSku.HEX_VALUE_STRING }}\u0022\u003E\u003C\/div\u003E\u003C\/a\u003E\n        \u003C\/div\u003E\n        {{\/ defaultSku }}\n      {{\/ shaded }}\n    {{\/ mini_teaser }}\n  {{\/ sku_as_product }}\n\n\n  {{# quickshop }}\n    {{# single_shade }}\n    \u003Cdiv class=\u0022product__product-details-shade product__product-details-shade--single\u0022\u003E\n\n      \u003Cdiv class=\u0022product__product-details-shade-smoosh shade-picker__color-wrapper\u0022\u003E\n        \u003Ca class=\u0022js-product__link-to-spp\u0022 href=\u0022{{url}}{{ qs_shade_route }}\u0022\u003E\u003Cdiv class=\u0022shade-picker__color-texture\u0022 style=\u0022background-image: url(\u0027{{ image_path }}{{ IMAGE_SMOOSH }}\u0027); background-color: {{HEX_VALUE_STRING}}\u0022\u003E\u003C\/div\u003E\u003C\/a\u003E\n      \u003C\/div\u003E\n\n      \u003Cdiv class=\u0022product__product-details-shade-name\u0022 \u003E{{ SHADENAME }}\u003C\/div\u003E\n      \u003Cdiv class=\u0022product__product-details-shade-description\u0022\u003E{{ SHADE_DESCRIPTION }}\u003C\/div\u003E\n    \u003C\/div\u003E\n    {{\/ single_shade }}\n  {{\/ quickshop }}\n  \n  {{# mac_product_layout.product_full }}\n  {{# single_shade }}\n    \u003Cdiv class=\u0022product__product-details-shade product__product-details-shade--single\u0022\u003E\n\n      \u003Cdiv class=\u0022product__product-details-shade-smoosh shade-picker__color-wrapper\u0022\u003E\n        \u003Cdiv class=\u0022shade-picker__color-texture\u0022 style=\u0022background-image: url(\u0027{{ image_path }}{{ IMAGE_SMOOSH }}\u0027); background-color: {{HEX_VALUE_STRING}}\u0022\u003E\u003C\/div\u003E\n      \u003C\/div\u003E\n\n      \u003Cdiv class=\u0022product__product-details-shade-name\u0022 {{^ quickshop }}style=\u0022color:{{ HEX_VALUE_STRING }};\u0022{{\/ quickshop }}\u003E{{ SHADENAME }}\u003C\/div\u003E\n      \u003Cdiv class=\u0022product__product-details-shade-description\u0022\u003E{{ SHADE_DESCRIPTION }}\u003Ca href=\u0022#\u0022 class=\u0022product__product-life-tooltip js-shade-description-tooltip\u0022 data-title=\u0022{{ globals.t.product.limited_edition }}\u0022\u003E\u003C\/a\u003E\u003C\/div\u003E\n      {{# FINISH }}\n        \u003Cdiv class=\u0022product__shade-finish\u0022\u003E[{{ FINISH }}]\u003C\/div\u003E\n      {{\/FINISH}}\n    \u003C\/div\u003E\n  {{\/ single_shade }}\n  {{\/ mac_product_layout.product_full }}\n  \n \n  {{# mac_product_layout.product_full }}\n    \u003Cdiv id=\u0022BVRRSummaryContainer\u0022 class=\u0022show-xlarge-up--block\u0022\u003E\u003C\/div\u003E\n    \u003Cdiv class=\u0022product__share-wrapper product__share-wrapper--pc show-xlarge-up--block\u0022\u003E\n      {{\u003E molecules_spp_share }}\n    \u003C\/div\u003E\n  {{\/ mac_product_layout.product_full }}\n  {{# globals.variables.display_size}}\u003Cdiv class=\u0022product__size\u0022\u003E{{# PRODUCT_SIZE }} {{{ PRODUCT_SIZE }}} {{\/ PRODUCT_SIZE }}{{^ PRODUCT_SIZE }} {{{ defaultSku.PRODUCT_SIZE }}} {{\/ PRODUCT_SIZE }}\u003C\/div\u003E{{\/ globals.variables.display_size}}\n\n  \u003Cdiv class=\u0022product_content_fav_mobile {{# globals.variables.display_installment_price }} {{# formattedInstallmentPrice }} product__installment_price {{\/ formattedInstallmentPrice }}{{^ formattedInstallmentPrice }}{{# defaultSku.formattedInstallmentPrice }} product__installment_price {{\/ defaultSku.formattedInstallmentPrice }}{{^ defaultSku.formattedInstallmentPrice }} no__product_installment_price {{\/ defaultSku.formattedInstallmentPrice }}{{\/ formattedInstallmentPrice }}{{\/ globals.variables.display_installment_price }}\u0022\u003E\n  {{\u003E molecules_add_to_favorites }}\n  \u003Cdiv class=\u0022product__price {{^ globals.variables.display_notify_tos }}product__price_status{{\/ globals.variables.display_notify_tos }}\u0022\u003E\n    {{#defaultSku}}\n      {{# globals.variables.display_tax_price }}\n        \u003Cspan class=\u0022product__price--standard{{#PRICE2}} product__price--sale{{\/PRICE2}}\u0022\u003E{{globals.t.product.with_tax_text}}{{formattedTaxedPrice}}\u003C\/span\u003E\n        {{# mac_product_layout.product_full }}\n          (\u003Cspan class=\u0022product__price--standard{{#PRICE2}} product__price--sale{{\/PRICE2}}\u0022\u003E{{globals.t.product.without_tax_text}}{{{ formattedPrice }}}\u003C\/span\u003E)\n        {{\/ mac_product_layout.product_full }}\n      {{\/ globals.variables.display_tax_price }}\n      {{^ globals.variables.display_tax_price }}\n          {{#priceRange}}\u003Cspan class=\u0022product__price--standard\u0022\u003E{{{ priceRange }}}\u003C\/span\u003E{{\/priceRange}}\n          {{^priceRange}}\n            {{#PRICE2}}\u003Cspan class=\u0022 product__price--non-sale\u0022\u003E{{{ formattedPrice2 }}}\u003C\/span\u003E{{\/PRICE2}}\n            \u003Cspan class=\u0022product__price--standard{{#PRICE2}} product__price--sale{{\/PRICE2}}\u0022\u003E{{{ formattedPrice }}}\u003C\/span\u003E\n          {{\/priceRange}}\n      {{\/ globals.variables.display_tax_price }}\n    {{\/defaultSku}}\n  \u003C\/div\u003E\n  {{# globals.variables.display_ppu_price }}\u003Cdiv class=\u0022product__price_ppu\u0022\u003E{{#defaultSku.formattedUnitPrice}}\u003Cspan class=\u0022product__size--ppu\u0022\u003E{{{ defaultSku.PRODUCT_SIZE }}}\u003C\/span\u003E\u003Cspan class=\u0022product__size--hiphen--ppu\u0022\u003E - \u003C\/span\u003E{{\/defaultSku.formattedUnitPrice}}{{^defaultSku.formattedUnitPrice}}{{#formattedUnitPrice}}\u003Cspan class=\u0022product__size--ppu\u0022\u003E{{{ PRODUCT_SIZE }}}\u003C\/span\u003E\u003Cspan class=\u0022product__size--hiphen--ppu\u0022\u003E - \u003C\/span\u003E{{\/formattedUnitPrice}}{{\/defaultSku.formattedUnitPrice}}\n  \u003Cspan class=\u0022product__price_ppu--inside\u0022\u003E{{#defaultSku}}{{{ formattedUnitPrice }}}{{\/defaultSku}}\u003C\/span\u003E\u003C\/div\u003E{{\/ globals.variables.display_ppu_price }}\n  {{# globals.variables.display_installment_price }}{{# formattedInstallmentPrice }}\u003Cdiv class=\u0022product__price-installment\u0022\u003E{{{ formattedInstallmentPrice }}}\u003C\/div\u003E{{\/ formattedInstallmentPrice }}{{^ formattedInstallmentPrice }}{{# defaultSku.formattedInstallmentPrice }}\u003Cdiv class=\u0022product__price-installment\u0022\u003E {{{ defaultSku.formattedInstallmentPrice }}} \u003C\/div\u003E {{\/ defaultSku.formattedInstallmentPrice }}{{\/ formattedInstallmentPrice }}{{\/ globals.variables.display_installment_price }}\n  {{# mac_product_layout.product_full }}\n    {{# shaded }}\n      \u003Cdiv class=\u0022js-add-to-bag-bar__scroll-anchor\u0022\u003E\u003C\/div\u003E\n    {{\/ shaded }}\n  {{\/ mac_product_layout.product_full }}\n  {{\u003E molecules_inventory_status }}\n  {{#INVENTORY_STATUS}}\n  \u003Ca class=\u0022product__add-to-bag js-add-to-bag hide-non-shoppable-product hide-non-orderable-product\u0022 {{# globals.variables.show_test_attribute}} data-test-id=\u0022add-to-cart\u0022 {{\/ globals.variables.show_test_attribute}} href=\u0022#\u0022 data-product=\u0027{\u0022prodid\u0022: \u0022{{ PRODUCT_ID }}\u0022, \u0022sku\u0022: \u0022{{ SKU_ID }}\u0022}\u0027\u003E{{ globals.t.product.add_to_bag }}\u003C\/a\u003E\n  {{\/INVENTORY_STATUS}}\n  \u003Ca class=\u0022product__link-to-spp js-product__link-to-spp\u0022 href=\u0022{{url}}\u0022 data-product=\u0027{\u0022prodid\u0022: \u0022{{ PRODUCT_ID }}\u0022, \u0022sku\u0022: \u0022{{ SKU_ID }}\u0022}\u0027 {{# globals.variables.show_test_attribute}} data-test-id=\u0022mpp_shopnow\u0022 {{\/ globals.variables.show_test_attribute }} \u003E{{ globals.t.product.prod_shades_view_all }} \u003Cspan id=\u0022sku_count\u0022\u003E{{ sku_count }}\u003C\/span\u003E {{ globals.t.product.prod_shades_shades }}\u003C\/a\u003E\n  \u003Ca class=\u0022product__link-custom js-product__link-to-spp\u0022 href=\u0022{{url}}\u0022 data-product=\u0027{\u0022prodid\u0022: \u0022{{ PRODUCT_ID }}\u0022, \u0022sku\u0022: \u0022{{ SKU_ID }}\u0022}\u0027\u003E{{{ custom_cta_label }}}\u003C\/a\u003E\n  \u003Ca class=\u0022product__replenish hide-non-shoppable-product hide-non-orderable-product overlay-link\u0022 href=\u0022#\u0022 data-product=\u0027{\u0022prodid\u0022: \u0022{{ PRODUCT_ID }}\u0022, \u0022sku\u0022: \u0022{{ SKU_ID }}\u0022}\u0027\u003E{{ globals.t.product.prod_replenish }}\u003C\/a\u003E\n\n  {{# mac_product_layout.product_full }}\n  \u003C\/div\u003E\n  {{! SMALL screen description details }}\n  \u003Cdiv class=\u0022product__description--compact expando-block\u0022\u003E\n    \u003Cdiv class=\u0022expando-block__title js-expando-block-trigger\u0022\u003E\n      \u003Cspan\u003E{{ globals.t.product.prod_more_details }}\u003C\/span\u003E\n      \u003Ci class=\u0022icon--arrow--right expando-block__icon\u0022\u003E\u003C\/i\u003E\n    \u003C\/div\u003E\n    \u003Cdiv class=\u0022expando-block__content\u0022\u003E\n    {{# DESCRIPTION }}\n      \u003Ch6\u003E{{ globals.t.product.sppprod_desc_label }}\u003C\/h6\u003E\n      {{{ DESCRIPTION }}}{{# AWARD_1}}\u003Cbr \/\u003E\u003Cbr \/\u003E{{{ AWARD_1 }}}{{\/ AWARD_1}}\n    {{\/ DESCRIPTION }}\n    {{#SKU_NOTES}}\n        \u003Ch6\u003E{{ globals.t.product.sppprod_sku_notes_label }}\u003C\/h6\u003E\n        {{{SKU_NOTES}}}\n    {{\/SKU_NOTES}}\n    {{# CLAIMS }}\n      \u003Ch6\u003E{{ globals.t.product.sppprod_claims_label }}\u003C\/h6\u003E\n      {{{ CLAIMS }}}\n    {{\/ CLAIMS }}\n    {{# PRODUCT_USAGE }}\n      \u003Ch6\u003E{{ globals.t.product.sppprod_use_label }}\u003C\/h6\u003E\n      {{{ PRODUCT_USAGE }}}\n    {{\/ PRODUCT_USAGE }}\n    \u003C\/div\u003E\n  \u003C\/div\u003E\n\n\n  \u003Cdiv class=\u0022product__shipping product__shipping--pc show-xlarge-up--block\u0022\u003E\n    \u003Ca href=\u0022\u0022 class=\u0022js-shipping-overlay\u0022\u003E\n      \u003Cspan class=\u0022display_non_pro_user hidden\u0022\u003E{{{ globals.t.product.prod_free_ship }}}\u003C\/span\u003E\n      \u003Cspan class=\u0022display_pro_user hidden\u0022\u003E{{{ globals.t.product.prod_free_ship_pro }}}\u003C\/span\u003E\n    \u003C\/a\u003E\n  \u003C\/div\u003E\n  \u003Cdiv class=\u0022product__edd product__edd--pc js-product__edd--pc show-xlarge-up--block\u0022\u003E\n    \u003Ca class=\u0022js-product__edd--pc-trigger\u0022 href=\u0022#delivery-date-form\u0022\u003E{{ globals.t.product.sppprod_est_del_pc }}\u003C\/a\u003E\n  \u003C\/div\u003E\n\n  {{! @todo Find store functionality is NOT for launch - will need to be tested and re-posted post-launch }}\n  \u003Ca class=\u0022product__find-store\u0022 href=\u0022#\u0022\u003E{{ globals.t.product.prod_findstore }}\u003C\/a\u003E\n\n  {{\/ mac_product_layout.product_full }}\n\u003C\/footer\u003E\n","partials":{"molecules_add_to_favorites":"add_to_favorites_v1","molecules_inventory_status":"inventory_status_v1","molecules_spp_share":"spp_share_v1"},"attached":[],"data":{"fake_input":""}},"shade_picker_v1":{"content":"\u003Cdiv class=\u0022shade-picker\u0022\u003E\n  \u003Cdiv class=\u0022shade-picker__colors-mask js-colors-mask\u0022\u003E\n    \u003Cul class=\u0022shade-picker__colors\u0022\u003E\n      {{#globals.variables.is_mobile}}\n        {{! \n          DEV NOTE: \n          if new filters are added they should be synched between this file \n          and the PC layout shade_picker_filter_grid_v1.mustache \n        }}\n        {{#filters_complex}}\n          \u003Cli class=\u0022shade-picker__tools\u0022\u003E\n            \u003Cdiv class=\u0022shade-picker__tools-filters-toggle\u0022\u003E{{{globals.t.product.sppshades_filters}}}\u003C\/div\u003E\n            \u003Cdiv class=\u0022shade-picker__tools-filters-clear hidden\u0022\u003E{{{globals.t.product.sppshades_clear}}}\u003C\/div\u003E\n            \u003Cdiv class=\u0022shade-picker__tools-filters hidden\u0022\u003E\n              {{#hasFinishes}}\n                \u003Cdiv class=\u0022shade-picker__tools-filter\u0022\u003E\n                  \u003Cdiv class=\u0022shade-picker__tools-title\u0022\u003E{{{globals.t.product.sppshades_filter_finish}}} \u003Cspan class=\u0022shade-picker__tools-title--count\u0022\u003E\u003C\/span\u003E\u003C\/div\u003E\n                  \u003Cul class=\u0022shade-picker__tools-filters-items\u0022\u003E\n                  {{#finish_filters}}\n                    \u003Cli\u003E\u003Ca href=\u0022#\u0022 data-facet=\u0022finish\u0022 data-filter=\u0027{\u0022finish\u0022:\u0022{{safe_finish}}\u0022}\u0027\u003E{{{finish_label}}} ({{{finish_count}}})\u003C\/a\u003E\u003C\/li\u003E\n                  {{\/finish_filters}}\n                  \u003C\/ul\u003E\n                \u003C\/div\u003E\n              {{\/hasFinishes}}\n              {{#hasColorFamilies}}\n                \u003Cdiv class=\u0022shade-picker__tools-filter\u0022\u003E\n                  \u003Cdiv class=\u0022shade-picker__tools-title\u0022\u003E{{{globals.t.product.sppshades_filter_colour}}} \u003Cspan class=\u0022shade-picker__tools-title--count\u0022\u003E\u003C\/span\u003E\u003C\/div\u003E\n                  \u003Cul class=\u0022shade-picker__tools-filters-items\u0022\u003E\n                  {{#color_filters}}\n                    \u003Cli\u003E\u003Ca href=\u0022#\u0022 data-facet=\u0022color\u0022 data-filter=\u0027{\u0022color\u0022:\u0022{{safe_color}}\u0022}\u0027\u003E{{{color_label}}} ({{{color_count}}})\u003C\/a\u003E\u003C\/li\u003E\n                  {{\/color_filters}}\n                  \u003C\/ul\u003E\n                \u003C\/div\u003E\n              {{\/hasColorFamilies}}\n            \u003C\/div\u003E\n          \u003C\/li\u003E\n        {{\/filters_complex}}\n      {{\/globals.variables.is_mobile}}\n      {{# skus }}\n        \u003Cli class=\u0022shade-picker__color shade-picker__color--{{SKU_ID}} js-shade-check--wrap js-shade-picker__color{{# selected }} shade-picker__color--selected{{\/ selected }} sku_inv_status-{{ INVENTORY_STATUS }}\u0022 data-product=\u0027{\u0022prodid\u0022:\u0022{{PRODUCT_ID}}\u0022,\u0022sku\u0022:\u0022{{SKU_ID}}\u0022,\u0022SKU_BASE_ID\u0022: \u0022{{SKU_BASE_ID}}\u0022}\u0027 data-filters=\u0027{\u0022finish\u0022:\u0022{{FINISH}}\u0022, \u0022color\u0022:\u0022{{ATTRIBUTE_COLOR_FAMILY}}\u0022}\u0027 data-product=\u0027{\u0022prodid\u0022:\u0022{{PRODUCT_ID}}\u0022,\u0022sku\u0022:\u0022{{SKU_ID}}\u0022,\u0022SKU_BASE_ID\u0022: \u0022{{SKU_BASE_ID}}\u0022}\u0027 {{# globals.variables.show_test_attribute}} data-test-id=\u0022mpp_shade_picker_hover_{{SKU_ID}}\u0022 {{\/ globals.variables.show_test_attribute }}\u003E\n          \u003Cdiv class=\u0022shade-picker__color-wrapper\u0022\u003E\n            {{# mac_product_layout.product_full }}\n            \u003C!-- {{^ globals.variables.is_mobile }}\u003Cdiv class=\u0022shade-picker__color-texture\u0022 style=\u0022background-image: url(\u0027{{image_path}}{{ IMAGE_SMOOSH }}\u0027)\u0022\u003E\u003C\/div\u003E{{\/ globals.variables.is_mobile }} --\u003E\n            \u003Cdiv class=\u0022shade-picker__color-texture\u0022 data-bg-image=\u0022{{image_path}}{{ IMAGE_SMOOSH }}\u0022 style=\u0022background-color: {{ HEX_VALUE_STRING }};\u0022\u003E\u003C\/div\u003E\n            {{\/ mac_product_layout.product_full }}\n            \u003Cdiv class=\u0022shade-picker__color-chip js-shade-check--bg\u0022 style=\u0022background-color: {{ HEX_VALUE_STRING }};\u0022\u003E\u003C\/div\u003E\n            {{#IS_MULTISHADED}}\n            \u003Cdiv class=\u0022shade-picker__multishaded-image\u0022 style=\u0022background-image: url({{ SKU_MULTISHADED_IMAGE }});\u0022\u003E\u003C\/div\u003E\n            \u003Cdiv class=\u0022shade-picker__multishaded-image--hover\u0022 style=\u0022background-image: url({{ SKU_MULTISHADED_IMAGE_HOVER }});\u0022\u003E\u003C\/div\u003E\n            {{\/IS_MULTISHADED}}\n          \u003C\/div\u003E\n          \u003Cdiv class=\u0022shade-picker__color-details\u0022\u003E\n            \u003Cdiv class=\u0022shade-picker__color-name js-shade-check--shade-text\u0022\u003E{{ SHADENAME }} \u003Cspan class=\u0022shade-picker__finish-name\u0022\u003E{{#FINISH}}\u0026nbsp;{{FINISH}}{{\/FINISH}}\u003C\/span\u003E\u003C\/div\u003E\n            \u003Cdiv class=\u0022shade-picker__color-description\u0022\u003E{{ SHADE_DESCRIPTION }}\u003C\/div\u003E\n          \u003C\/div\u003E\n          \u003Cdiv class=\u0022shade-picker__color-actions {{^globals.variables.display_notify_tos}}hide-inventory__status{{\/globals.variables.display_notify_tos}}\u0022\u003E\n            {{\u003E molecules_add_to_favorites }}\n            \u003Ca class=\u0022js-add-to-bag\u0022 href=\u0022#\u0022 data-product=\u0027{\u0022prodid\u0022: \u0022{{ PRODUCT_ID }}\u0022, \u0022sku\u0022: \u0022{{ SKU_ID }}\u0022}\u0027 {{# globals.variables.show_test_attribute}} data-test-id=\u0022shade_add_to_cart\u0022 {{\/ globals.variables.show_test_attribute }} \u003E\u003Ci class=\u0022shade-picker__color-action shade-picker__color-action--add-to-bag icon--shopping-bag\u0022\u003E\u003C\/i\u003E\u003C\/a\u003E\n            \u003Cdiv class=\u0022js-inv-status-2 product__inv-status-item temp-out-of-stock\u0022\u003E{{{globals.t.product.temp_out_of_stock_msg_short}}}\u003C\/div\u003E\n            \u003Cdiv class=\u0022js-inv-status-3 product__inv-status-item coming-soon\u0022\u003E{{{globals.t.product.coming_soon_stock_msg_short}}}\u003C\/div\u003E\n            \u003Cdiv class=\u0022js-inv-status-5 product__inv-status-item inactive\u0022\u003E{{{globals.t.product.inactive_stock_msg_short}}}\u003C\/div\u003E\n            \u003Cdiv class=\u0022js-inv-status-7 product__inv-status-item sold-out\u0022\u003E{{{globals.t.product.sold_out_stock_msg_short}}}\u003C\/div\u003E\n          \u003C\/div\u003E\n          \u003C!--\u003Cdiv class=\u0022shade-picker__inventory\u0022\u003E--\u003E\n            \u003C!--\u003Cdiv class=\u0022shade-picker__inventory-status shade-picker__inventory--coming-soon\u0022\u003E{{{globals.t.product.coming_soon_stock_msg}}}\u003C\/div\u003E--\u003E\n            \u003C!--\u003Cdiv class=\u0022shade-picker__inventory-status shade-picker__inventory--sold-out\u0022\u003E{{{globals.t.product.sold_out_stock_msg}}}\u003C\/div\u003E--\u003E\n          \u003C!--\u003C\/div\u003E--\u003E\n        \u003C\/li\u003E\n      {{\/ skus }}\n    \u003C\/ul\u003E\n  \u003C\/div\u003E\n  \u003Cdiv class=\u0022shade-picker__controls-wrapper\u0022\u003E\n    \u003Cdiv class=\u0022shade-picker__close shade-picker__controls js-shade-picker__close hidden\u0022\u003E\u003Ci class=\u0022icon--remove\u0022\u003E\u003C\/i\u003E\u003C\/div\u003E\n    \u003Cdiv class=\u0022shade-picker__previous shade-picker__controls js-shade-picker__previous hidden\u0022\u003E\u003Ci class=\u0022icon--arrow--up\u0022\u003E\u003C\/i\u003E\u003C\/div\u003E\n    \u003Cdiv class=\u0022shade-picker__next shade-picker__controls js-shade-picker__next hidden\u0022\u003E\u003Ci class=\u0022icon--arrow--down\u0022\u003E\u003C\/i\u003E\u003C\/div\u003E\n  \u003C\/div\u003E\n\u003C\/div\u003E\n\n\u003Cdiv class=\u0022btn btn--big btn--full shade-picker__trigger js-shade-picker__trigger\u0022  {{# globals.variables.show_test_attribute}} data-test-id=\u0022mpp_product_previewshades\u0022 {{\/ globals.variables.show_test_attribute }}\u003E{{ globals.t.product.preview_shades }}\u003C\/div\u003E\n","partials":{"molecules_add_to_favorites":"add_to_favorites_v1"},"attached":{"js":"sites\/maccosmetics\/themes\/mac_base\/template_api\/products\/shade_picker_v1\/shade_picker_v1.js","css":""},"data":{"fake_input":""}},"site_bag_contents":{"content":"\u003Cdiv class=\u0022site-bag__contents site-bag-contents-v1\u0022\u003E\n  \u003Cheader class=\u0022site-bag__contents-header\u0022\u003E\n    \u003Ca href=\u0022#\u0022 class=\u0022site-bag__contents-close\u0022\u003E\u003Ci class=\u0022icon--remove\u0022 {{# globals.variables.show_test_attribute}} data-test-id=\u0022cart_overlay_close\u0022 {{\/ globals.variables.show_test_attribute }} \u003E\u003C\/i\u003E\u003C\/a\u003E\n    \u003Ca href=\u0022{{globals.t.product.cart_overlay_path}}\u0022 class=\u0022site-bag__contents-edit\u0022 {{# globals.variables.show_test_attribute}} data-test-id=\u0022cart_overlay_edit\u0022 {{\/ globals.variables.show_test_attribute }}\u003E{{{globals.t.product.cart_overlay_edit}}}\u003C\/a\u003E\n    \u003Cdiv class=\u0022site-bag__contents-title\u0022\u003E\u003Ca href=\u0022\/checkout\/viewcart.tmpl\u0022\u003E{{{globals.t.product.cart_overlay_title}}}\u003C\/a\u003E\u003C\/div\u003E\n    \u003Cdiv class=\u0022site-bag__contents-title site-bag__contents-title__alt\u0022\u003E{{{globals.t.product.added_to_bag}}}\u003C\/div\u003E\n  \u003C\/header\u003E\n  \u003Csection class=\u0022site-bag__contents-products\u0022\u003E\n    {{#items}}\n      {{^isKitItem}}\n      \u003Cdiv class=\u0022product cart-product js-cart-product\u0022 data-product=\u0022{{prod_PRODUCT_ID}}\u0022 data-sku_id=\u0022{{sku_SKU_ID}}\u0022 data-sku_base_id=\u0022{{sku_SKU_BASE_ID}}\u0022\u003E\n      \u003Ca href=\u0022{{prod_url}}{{#sku_SHADENAME}}#\/shade\/{{sku_SHADENAME}}{{\/sku_SHADENAME}}\u0022class=\u0022cart-product-img\u0022\u003E\n          \u003Cimg src=\u0022{{sku_SMALL_IMAGE}}\u0022 alt=\u0022{{prod_PROD_RGN_NAME}}\u0022 title=\u0022{{prod_PROD_RGN_NAME}}\u0022 \/\u003E\n        \u003C\/a\u003E\n        \u003Cdiv class=\u0022cart-product-column\u0022\u003E\n          \u003Cdiv class=\u0022cart-product-info\u0022\u003E\n            \u003Cdiv class=\u0022cart-product-name js-cart-product-name\u0022\u003E\n              \u003Ca href=\u0022{{prod_url}}{{#sku_SHADENAME}}#\/shade\/{{sku_SHADENAME}}{{\/sku_SHADENAME}}\u0022{{# display_sub_line }} class=\u0022product__subline\u0022{{\/ display_sub_line }}\u003E\n                {{^ display_sub_line }}\n                  {{# prod_PROD_RGN_NAME }}\n                    {{{ prod_PROD_RGN_NAME }}}\n                  {{\/ prod_PROD_RGN_NAME }}\n                {{\/ display_sub_line }}\n                {{# display_sub_line }}\n                  {{# prod_SUB_LINE }}\n                    {{{ prod_SUB_LINE }}}\n                  {{\/ prod_SUB_LINE }}\n                {{\/ display_sub_line }}\n              \u003C\/a\u003E\n              {{# display_sub_line }}\n                {{# prod_PROD_RGN_NAME }}\n                  \u003Ca href=\u0022{{prod_url}}{{#sku_SHADENAME}}#\/shade\/{{sku_SHADENAME}}{{\/sku_SHADENAME}}\u0022 class=\u0022product_rgn_name_below_subline\u0022\u003E{{{ prod_PROD_RGN_NAME }}}\u003C\/a\u003E\n                {{\/ prod_PROD_RGN_NAME }}\n              {{\/ display_sub_line }}\n            \u003C\/div\u003E\n              {{#sku_SHADENAME}}\u003Cdiv class=\u0022cart-product-shade\u0022\u003E{{sku_SHADENAME}}\u003C\/div\u003E{{\/sku_SHADENAME}}\n            \u003C\/div\u003E\n          \u003Cdiv class=\u0022cart-product-quantity\u0022\u003E{{globals.t.product.acct_col_qty_abbr}}: {{itemForm.QTY.value}}\u003C\/div\u003E\n          \u003Cdiv class=\u0022cart-product-price \u0022\u003E\n            {{#sku_PRICE2}}\u003Cspan class=\u0022cart-product-price--non-sale\u0022\u003E{{{ sku_formattedPrice2 }}}\u003C\/span\u003E{{\/sku_PRICE2}}\n            \u003Cspan class=\u0022cart-product-price--standard{{#sku_PRICE2}} cart-product-price--sale{{\/sku_PRICE2}}\u0022\u003E\n              {{# display_tax_price}}\n                {{globals.t.product.with_tax_text}}{{{formattedTaxedAppliedPrice}}}\n              {{\/ display_tax_price}}\n              {{^ display_tax_price}}\n                {{{formattedUnitPrice}}}\n              {{\/ display_tax_price}}\n            \u003C\/span\u003E\n          \u003C\/div\u003E\n          \n          {{#isLimitedRemaining}}{{#globals.t.product.error_message_limited_remaining}}\n          \u003Cdiv class=\u0022cart-product-message\u0022\u003E\n            \u003Cspan class=\u0022error\u0022\u003E{{{ globals.t.product.error_message_limited_remaining }}}\u003C\/span\u003E\n          \u003C\/div\u003E\n          {{\/globals.t.product.error_message_limited_remaining}}{{\/isLimitedRemaining}}\n        \u003C\/div\u003E\n      \u003C\/div\u003E\n      {{\/isKitItem}}\n      {{#isKitItem}}\n        \u003Cdiv class=\u0022product cart-product\u0022 data-product=\u0022{{prod_PRODUCT_ID}}\u0022 data-sku_id=\u0022{{sku_SKU_ID}}\u0022 data-sku_base_id=\u0022{{sku_SKU_BASE_ID}}\u0022\u003E\n          \u003Ca href=\u0022{{prod_url}}?SKU_BASE_ID={{sku_string}}\u0026COLLECTION_ID={{COLLECTION_ID}}\u0026CART_ID={{CART_ID}}\u0026collection_name={{encoded_collection_name}}\u0022\u003E\n            \u003Cdiv class=\u0022cart-product-img cart-product-kit-shades clearfix {{COLLECTION_SUBTYPE}}\u0022\u003E\n              {{#inserts}}\n                \u003Cdiv class=\u0022cart-product-kit-shades-insert insert-{{insert_number}}\u0022\u003E\n                  {{#hex_values}}\u003Cdiv class=\u0022cart-product-kit-shade\u0022 style=\u0022background-color:#{{hex_string}}\u0022 title=\u0022{{label}}\u0022\u003E\u003C\/div\u003E{{\/hex_values}}\n                \u003C\/div\u003E\n              {{\/inserts}}\n              {{^inserts}}\n                {{#hex_values}}\u003Cdiv class=\u0022cart-product-kit-shade\u0022 style=\u0022background-color:#{{hex_string}}\u0022 title=\u0022{{label}}\u0022\u003E\u003C\/div\u003E{{\/hex_values}}\n              {{\/inserts}}\n            \u003C\/div\u003E\n          \u003C\/a\u003E\n          \u003Cdiv class=\u0022cart-product-column\u0022\u003E\n            \u003Cdiv class=\u0022cart-product-info\u0022\u003E\n              \u003Cdiv class=\u0022cart-product-name\u0022\u003E\n                \u003Ca href=\u0022{{prod_url}}?SKU_BASE_ID={{sku_string}}\u0026COLLECTION_ID={{COLLECTION_ID}}\u0026CART_ID={{CART_ID}}\u0026collection_name={{encoded_collection_name}}\u0022 {{# display_sub_line }}class=\u0022product__subline\u0022{{\/ display_sub_line }}\u003E\n                  {{^ display_sub_line }}\n                    {{# prod_PROD_RGN_NAME }}\n                      {{{ prod_PROD_RGN_NAME }}}\n                    {{\/ prod_PROD_RGN_NAME }}\n                  {{\/ display_sub_line }}\n                  {{# display_sub_line }}\n                    {{# prod_SUB_LINE }}\n                      {{{ prod_SUB_LINE }}}\n                    {{\/ prod_SUB_LINE }}\n                  {{\/ display_sub_line }}\n                \u003C\/a\u003E\n                {{# display_sub_line }}\n                  {{# prod_PROD_RGN_NAME }}\n                    \u003Ca href=\u0022{{prod_url}}\u0022 class=\u0022product_rgn_name_below_subline\u0022\u003E{{{ prod_PROD_RGN_NAME }}}\u003C\/a\u003E\n                  {{\/ prod_PROD_RGN_NAME }}\n                {{\/ display_sub_line }}\n              \u003C\/div\u003E\n              {{#COLLECTION_NAME}}\u003Cdiv class=\u0022cart-product-shade\u0022\u003E{{COLLECTION_NAME}}\u003C\/div\u003E{{\/COLLECTION_NAME}}\n            \u003C\/div\u003E\n            {{#ITEM_QUANTITY}}\u003Cdiv class=\u0022cart-product-quantity\u0022\u003E{{globals.t.product.acct_col_qty_abbr}}: {{{ITEM_QUANTITY}}}\u003C\/div\u003E{{\/ITEM_QUANTITY}}\n            \u003Cdiv class=\u0022cart-product-price\u0022\u003E\n              {{#sku_PRICE2}}\u003Cspan class=\u0022cart-product-price--non-sale\u0022\u003E{{{ sku_formattedPrice2 }}}\u003C\/span\u003E{{\/sku_PRICE2}}\n              \u003Cspan class=\u0022cart-product-price--standard{{#sku_PRICE2}} cart-product-price--sale{{\/sku_PRICE2}}\u0022\u003E\n              {{# display_tax_price}}\n                {{globals.t.product.with_tax_text}}{{{formattedTaxedAppliedPrice}}}\n              {{\/ display_tax_price}}\n              {{^ display_tax_price}}\n                {{{formattedAppliedPrice}}}\n              {{\/ display_tax_price}}\n              \u003C\/span\u003E\n            \u003C\/div\u003E\n          \u003C\/div\u003E\n        \u003C\/div\u003E\n      {{\/isKitItem}}\n    {{\/items}}\n    {{^items}}\n      \u003Cdiv class=\u0022product cart-product\u0022\u003E{{{no_item_in_cart}}}\u003C\/div\u003E\n    {{\/items}}\n  \u003C\/section\u003E\n  \u003Cfooter class=\u0022site-bag__contents-footer\u0022\u003E\n    \u003Cdiv class=\u0022site-bag__contents-subtotal\u0022\u003E\u003Cspan class=\u0022site-bag__contents-subtotal__title\u0022\u003E{{{globals.t.product.cart_overlay_subtotal}}}\u003C\/span\u003E\n    \u003Cspan class=\u0022site-bag__contents-subtotal__value\u0022\u003E\n      {{# display_tax_price}}\n        {{globals.t.product.with_tax_text}}{{{formattedSubtotalWithTax}}}\n      {{\/ display_tax_price}}\n      {{^ display_tax_price}}\n        {{{formattedSubtotalNoTax}}}\n      {{\/ display_tax_price}}\n    \u003C\/span\u003E\u003C\/div\u003E\n    \u003Ca href=\u0022{{globals.t.product.cart_overlay_path}}\u0022 class=\u0022btn site-bag__contents-checkout\u0022 {{# globals.variables.show_test_attribute}} data-test-id=\u0022cart_overlay_checkout\u0022 {{\/ globals.variables.show_test_attribute }} \u003E{{{globals.t.product.cart_overlay_checkout}}}\u003C\/a\u003E\n    \n    \n    \u003Cp class=\u0022site-bag__contents-message\u0022\u003E\n      \u003Ca href=\u0022\u0022 class=\u0022js-shipping-overlay\u0022\u003E\n        \u003Cspan class=\u0022display_non_pro_user hidden\u0022\u003E{{{globals.t.product.cart_overlay_shipping}}}\u003C\/span\u003E\n        \u003Cspan class=\u0022display_pro_user hidden\u0022\u003E{{{ globals.t.product.prod_free_ship_pro }}}\u003C\/span\u003E\n      \u003C\/a\u003E\n    \u003C\/p\u003E\n     \n  \u003C\/footer\u003E\n  {{#hasRecommendations}}\n  \u003Cdiv class=\u0022site-bag__contents-recommendations mobile_hidden\u0022\u003E\n    \u003Cdiv class=\u0022site-bag__contents-recommendations__title\u0022\u003E{{{globals.t.product.cart_overlay_recommendations}}} \u003Cspan class=\u0022site-bag__contents-recommendations__title-toggle\u0022\u003E\u003C\/span\u003E\u003C\/div\u003E\n    \u003Cdiv class=\u0022site-bag__contents-recommendations-carousel\u0022\u003E\n      \u003Cul\u003E\n      {{#recommendations}}\n        \u003Cli class=\u0022carousel-slide\u0022\u003E\n          \u003Cdiv class=\u0022product cart-product\u0022 data-product=\u0022{{PRODUCT_ID}}\u0022 data-sku_id=\u0022{{skus.0.SKU_ID}}\u0022 data-sku_base_id=\u0022{{skus.0.SKU_BASE_ID}}\u0022\u003E\n            \u003Ca href=\u0022{{url}}\u0022 class=\u0022cart-product-img\u0022\u003E\n              \u003Cimg src=\u0022{{skus.0.SMALL_IMAGE}}\u0022 alt=\u0022{{PROD_RGN_NAME}}\u0022 title=\u0022{{PROD_RGN_NAME}}\u0022 \/\u003E\n            \u003C\/a\u003E\n            \u003Cdiv class=\u0022cart-product-column\u0022\u003E\n              \u003Cdiv class=\u0022cart-product-info\u0022\u003E\n                \u003Cdiv class=\u0022cart-product-name{{# globals.variables.display_sub_line }} product__subline{{\/ globals.variables.display_sub_line }}\u0022\u003E\n                   \u003Ca href=\u0022{{url}}\u0022\u003E{{^ globals.variables.display_sub_line }}{{# PROD_RGN_NAME }}{{{ PROD_RGN_NAME }}}{{\/ PROD_RGN_NAME }}{{\/ globals.variables.display_sub_line }}{{# globals.variables.display_sub_line }}{{# SUB_LINE }}{{{ SUB_LINE }}}{{\/ SUB_LINE }}{{\/ globals.variables.display_sub_line }}\u003C\/a\u003E\u003C\/div\u003E\n\n                {{#skus.0.SHADENAME}}\u003Cdiv class=\u0022cart-product-shade\u0022\u003E{{skus.0.SHADENAME}}\u003C\/div\u003E{{\/skus.0.SHADENAME}}\n              \u003C\/div\u003E\n              \u003Cdiv class=\u0022cart-product-quantity\u0022\u003E{{globals.t.product.acct_col_qty_abbr}}: {{itemForm.QTY.value}}\u003C\/div\u003E\n              \u003Cdiv class=\u0022cart-product-price\u0022\u003E\n                {{#sku_PRICE2}}\u003Cspan class=\u0022cart-product-price--non-sale\u0022\u003E{{{ sku_formattedPrice2 }}}\u003C\/span\u003E{{\/sku_PRICE2}}\n                \u003Cspan class=\u0022cart-product-price--standard{{#sku_PRICE2}} cart-product-price--sale{{\/sku_PRICE2}}\u0022\u003E{{{skus.0.formattedPrice}}}}\u003C\/span\u003E\n              \u003C\/div\u003E\n              \u003Ca href=\u0022{{url}}\u0022 class=\u0022btn cart-product-button js-add-to-bag\u0022\u003E{{{globals.t.product.add_to_bag}}}\u003C\/a\u003E\n            \u003C\/div\u003E\n          \u003C\/div\u003E\n        \u003C\/li\u003E\n      {{\/recommendations}}\n      \u003C\/ul\u003E\n      \u003Cdiv class=\u0022site-bag__contents-recommendations-carousel__controls\u0022\u003E\u003Cspan class=\u0022count\u0022\u003E\u003C\/span\u003E\u003C\/div\u003E\n    \u003C\/div\u003E\n  \u003C\/div\u003E\n  {{\/hasRecommendations}}\n\u003C\/div\u003E\n","partials":[],"attached":[],"data":[]},"shade_picker_filter_grid_v1":{"content":"{{! \n  DEV NOTE: \n  if new filters are added they should be synched between this file \n  and the MOBILE layout shade_picker_v1.mustache \n}}\n\u003Cdiv class=\u0022shade-picker-filter-grid\u0022\u003E\n{{^filters_complex}}\n  \u003Cdiv class=\u0022shade-picker-filter-grid--placeholder\u0022\u003E\u003C\/div\u003E\n{{\/filters_complex}}\n{{#filters_complex}}\n  \u003Cul class=\u0022shade-picker-filter-grid--options\u0022\u003E\n    \u003Cli class=\u0022shade-picker-filter-grid--filters\u0022\u003E\u003Cspan class=\u0022filters-label\u0022\u003E{{globals.t.product.sppshades_filters}}\u003C\/span\u003E\u003C\/li\u003E\n\n  {{#hasFinishes}}\n    \u003Cli class=\u0022shade-picker-filter-grid--filters--finish will-expand\u0022\u003E\n      \u003Ca class=\u0022corner-arrow\u0022\u003E{{globals.t.product.sppshades_filter_finish}} \u003Cspan class=\u0022check-count\u0022 data-default-text=\u0022({{globals.t.product.sppshades_all}})\u0022\u003E({{globals.t.product.sppshades_all}})\u003C\/span\u003E\u003C\/a\u003E\n      \u003Cul class=\u0022option-finish\u0022 data-group=\u0022finish\u0022\u003E\n      {{#finish_filters}}\n        \u003Cli\u003E\n          \u003Cinput type=\u0022checkbox\u0022 value=\u0022{{safe_finish}}\u0022 id=\u0022{{safe_finish}}\u0022\u003E\n          \u003Clabel for=\u0022{{safe_finish}}\u0022\u003E\n            \u003Ch3\u003E{{finish_label}}\u003C\/h3\u003E\n            \u003Cp\u003E{{finish_desc}}\u003C\/p\u003E\n            \u003Cspan class=\u0022icon--check\u0022\u003E\u003C\/span\u003E\n          \u003C\/label\u003E\n        \u003C\/li\u003E\n      {{\/finish_filters}}\n      \u003C\/ul\u003E\n    \u003C\/li\u003E\n  {{\/hasFinishes}}\n  {{#hasColorFamilies}}\n    \u003Cli class=\u0022shade-picker-filter-grid--filters--color will-expand\u0022\u003E\n      \u003Ca class=\u0022corner-arrow\u0022\u003E{{globals.t.product.sppshades_filter_colour}} \u003Cspan class=\u0022check-count\u0022 data-default-text=\u0022({{globals.t.product.sppshades_all}})\u0022\u003E({{globals.t.product.sppshades_all}})\u003C\/span\u003E\u003C\/a\u003E\n      \u003Cul class=\u0022option-colour\u0022 data-group=\u0022colour\u0022\u003E\n      {{#color_filters}}\n        \u003Cli class=\u0022{{safe_color}}\u0022 style=\u0022background-color: {{color_hex}};\u0022\u003E\n          \u003Cinput type=\u0022checkbox\u0022 value=\u0022{{safe_color}}\u0022 id=\u0022{{safe_color}}\u0022\u003E\n          \u003Clabel for=\u0022{{safe_color}}\u0022\u003E\n            \u003Ch3\u003E{{color_label}}\u003C\/h3\u003E\n            \u003Cspan class=\u0022icon--check\u0022\u003E\u003C\/span\u003E\n          \u003C\/label\u003E\n        \u003C\/li\u003E\n      {{\/color_filters}}\n      \u003C\/ul\u003E\n    \u003C\/li\u003E\n  {{\/hasColorFamilies}}\n  {{#hasRecommended}}\n    \u003Cli class=\u0022shade-picker-filter-grid--filters--recommended will-expand\u0022 data-group=\u0022recommended\u0022\u003E\n      \u003Ca href=\u0022#\u0022 class=\u0022corner-arrow\u0022\u003E{{globals.t.product.sppshades_filter_recommended}} \u003Cspan class=\u0022check-count\u0022 data-default-text=\u0022({{globals.t.product.sppshades_all}})\u0022\u003E({{globals.t.product.sppshades_all}})\u003C\/span\u003E\u003C\/a\u003E\n      \u003Cul class=\u0022option-recommended\u0022\u003E\u003C!-- @todo fix recommended - get details --\u003E\n        \u003Cli\u003E\n          \u003Cinput type=\u0022checkbox\u0022 value=\u0022exclusive\u0022 id=\u0022exclusive\u0022\u003E\n          \u003Clabel for=\u0022exclusive\u0022\u003E\n            \u003Ch3\u003E{{globals.t.product.online_exclusive}}\u003C\/h3\u003E\n            \u003Cspan class=\u0022icon--check\u0022\u003E\u003C\/span\u003E\n          \u003C\/label\u003E\n        \u003C\/li\u003E\n        \u003Cli\u003E\n          \u003Cinput type=\u0022checkbox\u0022 value=\u0022limited\u0022 id=\u0022limited\u0022\u003E\n          \u003Clabel for=\u0022limited\u0022\u003E\n            \u003Ch3\u003E{{globals.t.product.limited_edition}}\u003C\/h3\u003E\n            \u003Cspan class=\u0022icon--check\u0022\u003E\u003C\/span\u003E\n          \u003C\/label\u003E\n        \u003C\/li\u003E\n        \u003Cli\u003E\n          \u003Cinput type=\u0022checkbox\u0022 value=\u0022bestsellers\u0022 id=\u0022bestsellers\u0022\u003E\n          \u003Clabel for=\u0022bestsellers\u0022\u003E\n            \u003Ch3\u003E{{globals.t.product.bestsellers}}\u003C\/h3\u003E\n            \u003Cspan class=\u0022icon--check\u0022\u003E\u003C\/span\u003E\n          \u003C\/label\u003E\n        \u003C\/li\u003E\n        \u003Cli\u003E\n          \u003Cinput type=\u0022checkbox\u0022 value=\u0022texture\u0022 id=\u0022see-textures\u0022\u003E\n          \u003Clabel for=\u0022see-textures\u0022\u003E\n            \u003Ch3\u003E{{globals.t.product.see_textures}}\u003C\/h3\u003E\n            \u003Cspan class=\u0022icon--check\u0022\u003E\u003C\/span\u003E\n          \u003C\/label\u003E\n        \u003C\/li\u003E\n      \u003C\/ul\u003E\u003C!-- END @todo fix recommended - get details --\u003E\n    \u003C\/li\u003E\n  {{\/hasRecommended}}\n  \n    \u003Cli class=\u0022shade-picker-filter-grid--filters--clear\u0022\u003E\u003Ca id=\u0022reset\u0022 class=\u0022filter-clear-all\u0022\u003E{{globals.t.product.sppshades_clear}}\u003C\/a\u003E\u003C\/li\u003E\n  \n  {{#hasSorting}}\n    \u003Cli class=\u0022shade-picker-filter-grid--filters--sort will-expand\u0022\u003E\n      \u003Ca href=\u0022#\u0022 class=\u0022corner-arrow\u0022\u003E\n        \u003Cspan\u003E{{globals.t.product.sppshades_sortby}}\u003C\/span\u003E\n        {{{globals.t.product.new_popular}}}\u003C!-- @todo fix --\u003E\n      \u003C\/a\u003E\n      \u003Cul class=\u0022option-recommended \u0022\u003E\n        \u003Cli\u003E\n          \u003Cinput type=\u0022checkbox\u0022 value=\u0022fpo1\u0022 id=\u0022fpo1\u0022\u003E\n          \u003Clabel for=\u0022fpo1\u0022\u003E\n            \u003Ch3\u003E\u003C\/h3\u003E\n            \u003Cspan class=\u0022icon--check\u0022\u003E\u003C\/span\u003E\n          \u003C\/label\u003E\n        \u003C\/li\u003E\n        \u003Cli\u003E\n          \u003Cinput type=\u0022checkbox\u0022 value=\u0022fpo2\u0022 id=\u0022fpo2\u0022\u003E\n          \u003Clabel for=\u0022fpo2\u0022\u003E\n            \u003Ch3\u003E\u003C\/h3\u003E\n            \u003Cspan class=\u0022icon--check\u0022\u003E\u003C\/span\u003E\n          \u003C\/label\u003E\n        \u003C\/li\u003E\n        \u003Cli\u003E\n          \u003Cinput type=\u0022checkbox\u0022 value=\u0022fpo3\u0022 id=\u0022fpo3\u0022\u003E\n          \u003Clabel for=\u0022fpo3\u0022\u003E\n            \u003Ch3\u003E\u003C\/h3\u003E\n            \u003Cspan class=\u0022icon--check\u0022\u003E\u003C\/span\u003E\n          \u003C\/label\u003E\n        \u003C\/li\u003E\n        \u003Cli\u003E\n          \u003Cinput type=\u0022checkbox\u0022 value=\u0022fpo4\u0022 id=\u0022see-fpo4\u0022\u003E\n          \u003Clabel for=\u0022fpo4\u0022\u003E\n            \u003Ch3\u003E\u003C\/h3\u003E\n            \u003Cspan class=\u0022icon--check\u0022\u003E\u003C\/span\u003E\n          \u003C\/label\u003E\n        \u003C\/li\u003E\n      \u003C\/ul\u003E\n    \u003C\/li\u003E\n  {{\/hasSorting}}\n\n  \u003C\/ul\u003E\n{{\/filters_complex}}\n\n  \u003Cdiv class=\u0022shade-picker-full__colors-mask js-element-window-height\u0022\u003E\n    \u003Cdiv class=\u0022shade-picker-full__colors\u0022\u003E\n      \u003Cdiv class=\u0022shade-picker-filter-grid-sizer\u0022\u003E\u003C\/div\u003E\n      {{# skus }}\n        \u003Cdiv class=\u0022shade-picker__color js-shade-picker__color{{# selected }} shade-picker__color--selected {{\/ selected }}\u0022\n            data-product=\u0027{\u0022prodid\u0022:\u0022{{PRODUCT_ID}}\u0022,\u0022sku\u0022:\u0022{{SKU_ID}}\u0022}\u0027 data-finish=\u0022{{FINISH}}\u0022 data-color=\u0022{{ATTRIBUTE_COLOR_FAMILY}}\u0022\u003E\n          \u003Cdiv class=\u0022shade-picker__color-wrapper\u0022\u003E\n            \u003Cdiv class=\u0022fav--bag--buttons hide-non-shoppable-product hide-non-orderable-product\u0022 data-product=\u0027{\u0022prodid\u0022: \u0022{{ PRODUCT_ID }}\u0022, \u0022sku\u0022: \u0022{{ SKU_ID }}\u0022}\u0027\u003E\n              {{\u003E molecules_add_to_favorites }}\n              \u003Ca class=\u0022js-add-to-bag\u0022 href=\u0022#\u0022 data-product=\u0027{\u0022prodid\u0022: \u0022{{ PRODUCT_ID }}\u0022, \u0022sku\u0022: \u0022{{ SKU_ID }}\u0022}\u0027\u003E\u003Ci class=\u0022shade-picker__color-action shade-picker__color-action--add-to-bag icon--shopping-bag\u0022\u003E\u003C\/i\u003E\u003C\/a\u003E\n              {{\u003E molecules_inventory_status }}\n            \u003C\/div\u003E\n            \u003C!-- \u003Cdiv class=\u0022zz-shade-picker__color-texture\u0022 data-bg-image=\u0022{{image_path}}{{IMAGE_SMOOSH}}\u0022 style=\u0022background-{{^ globals.variables.is_mobile }}image: url(\u0027{{image_path}}{{IMAGE_SMOOSH}}\u0027){{\/ globals.variables.is_mobile }}{{# globals.variables.is_mobile }}color: {{HEX_VALUE_STRING}}{{\/ globals.variables.is_mobile }};\u0022\u003E\u003C\/div\u003E --\u003E\n            \u003Cdiv class=\u0022shade-picker__color-texture\u0022 data-bg-image=\u0022{{image_path}}{{IMAGE_SMOOSH}}\u0022 style=\u0022background-color: {{ HEX_VALUE_STRING }};\u0022\u003E\u003C\/div\u003E\n            \u003Cdiv class=\u0022shade-picker__color-chip\u0022 style=\u0022background-color: {{ HEX_VALUE_STRING }};\u0022\u003E\u003C\/div\u003E\n          \u003C\/div\u003E\n          \u003Cdiv class=\u0022shade-picker__color-details\u0022\u003E\n            \u003Cdiv class=\u0022shade-picker__color-name\u0022\u003E{{ SHADENAME }}\u003C\/div\u003E\n            \u003Cdiv class=\u0022shade-picker__color-description\u0022\u003E{{ SHADE_DESCRIPTION }}\u003C\/div\u003E\n          \u003C\/div\u003E\n        \u003C\/div\u003E\n      {{\/ skus }}\n    \u003C\/div\u003E\n  \u003C\/div\u003E\n\u003C\/div\u003E\n\n\u003Cdiv class=\u0022btn btn--big btn--full shade-picker__trigger-btn js-shade-picker__trigger\u0022\u003E{{globals.t.product.sppshades_preview}}\u003C\/div\u003E\n","partials":{"molecules_add_to_favorites":"add_to_favorites_v1"},"attached":{"js":"sites\/maccosmetics\/themes\/mac_base\/template_api\/products\/shade_picker_filter_grid_v1\/shade_picker_filter_grid_v1.js","css":""},"data":{"fake_input":""}},"add_to_favorites_v1":{"content":"\u003Ca class=\u0022product__add-to-faves add-to-favorites js-add-to-favorites\u0022\n   {{# globals.variables.show_test_attribute}} data-test-id=\u0022add-to-favorites\u0022 {{\/ globals.variables.show_test_attribute}}\n   href=\u0022#\u0022\n   data-product=\u0027{\u0022prodid\u0022: \u0022{{ PRODUCT_ID }}\u0022, \u0022sku\u0022: \u0022{{ SKU_ID }}\u0022, \u0022SKU_BASE_ID\u0022: \u0022{{ SKU_BASE_ID }}\u0022}\u0027\n   data-tooltip-added=\u0027{{ globals.t.product.faves_added }}\u0027\n   data-tooltip-removed=\u0027{{ globals.t.product.faves_removed }}\u0027\n   data-default-fav=\u0027{{# defaultSku }}{{ SKU_BASE_ID }}{{\/ defaultSku }}\u0027\u003E\n  \u003Ci class=\u0022icon--heart-o\u0022\u003E\u003C\/i\u003E\n\u003C\/a\u003E\n","partials":[],"attached":{"js":"sites\/maccosmetics\/themes\/mac_base\/template_api\/products\/add_to_favorites_v1\/add_to_favorites_v1.js","css":""},"data":{"fake_input":""}},"product_v1":{"content":"{{!\n#########\nATTN: any updates to this template will need to be made on perlgem product templates\n#########\n}}\n\u003Cdiv class=\u0022product\n  {{product_class}}\n  {{#override_shopshades_button}} hide__shop__shade{{\/override_shopshades_button}}\n  {{# mac_product_layout.product_full }} product--full{{\/ mac_product_layout.product_full}}\n  {{# mac_product_layout.product_full }}{{#filters_complex}} product--filters-complex{{\/filters_complex}}{{\/ mac_product_layout.product_full}}\n  {{# mac_product_layout.product_teaser}} product--teaser{{\/mac_product_layout.product_teaser}}\n  {{#shaded}} product--shaded{{\/shaded}}\n  {{#product_teaser_mini}} product--teaser--mini{{\/product_teaser_mini}}\n  {{#product_teaser_tiny}} product--teaser--tiny{{\/product_teaser_tiny}}\n  {{#sku_as_product}} product--sku-product{{\/sku_as_product}}\n  {{#IS_MULTISHADED}} product--multishaded{{\/IS_MULTISHADED}}\n  {{#RESTRICT_GROUP}} product--restricted{{\/RESTRICT_GROUP}}\n  {{#defaultSku}} product--defaultSku{{\/defaultSku}}\n  {{#mac_product_layout.dual_product_layout}} product--collection-dual{{\/mac_product_layout.dual_product_layout}}\n  \u0022\n  id=\u0022product--prod_id-{{ PRODUCT_ID }}{{# sku_id }}-sku-{{ sku_id }}{{\/ sku_id }}\u0022\n  data-product=\u0027{\u0022prodid\u0022:\u0022{{ PRODUCT_ID }}\u0022,\u0022sku\u0022:\u0022{{# sku_id }}{{ sku_id }}{{\/ sku_id }}{{^ sku_id }}{{defaultSku.SKU_ID}}{{\/ sku_id }}\u0022}\u0027\n  data-product-id=\u0022{{ PRODUCT_ID }}\u0022\n  {{#product_teaser_mini}} data-sku-teaser=\u0022true\u0022{{\/product_teaser_mini}}\n  {{#product_teaser_tiny}} data-sku-teaser=\u0022true\u0022{{\/product_teaser_tiny}}\n  {{#custom_cta_label}} data-custom-label=\u0022{{custom_cta_label}}\u0022{{\/custom_cta_label}}\n  \u003E\n  \u003Cdiv class=\u0022product__detail\u0022\u003E\n    {{# mac_product_layout.product_full }}\n      {{# globals.variables.google_rich_snippet }}\n        \u003Cscript type=\u0022application\/ld+json\u0022\u003E\n          {\n            \u0022@context\u0022: \u0022http:\/\/schema.org\/\u0022,\n            \u0022@type\u0022: \u0022Product\u0022,\n            \u0022name\u0022: \u0022{{ PROD_RGN_NAME }}\u0022,\n            \u0022image\u0022: \u0022{{ MEDIUM_IMAGE }}\u0022,\n            \u0022description\u0022: \u0022{{ SHORT_DESC }}\u0022,\n            \u0022sku\u0022: \u0022{{defaultSku.SKU_ID}}\u0022,\n            \u0022brand\u0022: {\n              {{# globals.variables.site_name }}\u0022name\u0022: \u0022{{ globals.variables.site_name }}\u0022,{{\/ globals.variables.site_name }}\n              \u0022@type\u0022: \u0022Thing\u0022\n            },\n            \u0022aggregateRating\u0022: {\n              \u0022@type\u0022: \u0022AggregateRating\u0022,\n              \u0022ratingValue\u0022: \u0022{{ AVERAGE_RATING }}\u0022,\n              \u0022reviewCount\u0022: \u0022{{ TOTAL_REVIEW_COUNT }}\u0022\n            }\n          }\n        \u003C\/script\u003E\n      {{\/ globals.variables.google_rich_snippet }}\n    {{\/ mac_product_layout.product_full}}\n    \u003Cdiv class=\u0022product__sku-details\u0022 id=\u0022product-detail-attach\u0022\u003E\n      {{\u003E molecules_product_detail }}\n    \u003C\/div\u003E\n\n    {{# mac_product_layout.product_full }}\n      {{# shaded }}\n        \u003Cdiv class=\u0022shade-picker-dropdown hidden\u0022\u003E\n          \u003Cdiv class=\u0022shade-picker-dropdown__colors-mask\u0022\u003E\n            \u003Cselect id=\u0022js-shade-picker-dropdown--product-full\u0022 class=\u0022shade-picker-dropdown__colors no-js\u0022\u003E\n              {{# skus }}\n                {{! We render this with js on SPP now }}\n                {{! \u003Coption value=\u0022{{ SKU_ID }}\u0022 data-product=\u0027{\u0022prodid\u0022:\u0022{{ PRODUCT_ID }}\u0022,\u0022sku\u0022:\u0022{{ SKU_ID }}\u0022}\u0027 data-color=\u0022{{ HEX_VALUE_STRING }}\u0022\u003E{{ SHADENAME }}\u003C\/option\u003E\n              {{\/ skus }}\n            \u003C\/select\u003E\n          \u003C\/div\u003E\n        \u003C\/div\u003E\n      {{\/ shaded }}\n    {{\/ mac_product_layout.product_full }}\n  \u003C\/div\u003E\n\n  {{# mac_product_layout.product_full }}\n  {{# single_shade }}\n    \u003Cdiv class=\u0022product__shade-single\u0022\u003E\n      {{# skus }}\n      \u003Cdiv class=\u0022shade-picker__color-texture\u0022 style=\u0022background-image: url(\u0027{{image_path}}{{ IMAGE_SMOOSH }}\u0027)\u0022\u003E\u003C\/div\u003E\n      {{\/ skus }}\n    \u003C\/div\u003E\n  {{\/ single_shade }}\n  {{\/ mac_product_layout.product_full }}\n\n  {{# shaded }}\n\n    {{# mac_product_layout.product_full }}\n    \u003Cdiv class=\u0022product__shade-column{{#globals.variables.is_mobile}} site-banner__sticky-fix{{\/globals.variables.is_mobile}}\u0022\u003E\n        {{\u003E molecules_shade_picker }}\n    \u003C\/div\u003E\n    {{\/ mac_product_layout.product_full }}\n\n    {{^ mac_product_layout.product_full }}\n      {{^ globals.variables.is_mobile }}\n        {{^sku_as_product}}\n          {{^ single_shade }}\n            \u003Cdiv class=\u0022product__shade-column\u0022\u003E\n              {{\u003E molecules_shade_picker }}\n            \u003C\/div\u003E\n          {{\/ single_shade }}\n        {{\/sku_as_product}}\n      {{\/ globals.variables.is_mobile }}\n    {{\/ mac_product_layout.product_full }}\n\n    {{# mac_product_layout.product_full }}\n    {{# spp_show_shade_filter }}\n    \u003Cdiv class=\u0022view-all-shades__wrapper hidden\u0022\u003E\n      \u003Cinput type=\u0022checkbox\u0022 id=\u0022filter-grid-switch\u0022 \/\u003E\n      \u003Clabel for=\u0022filter-grid-switch\u0022 class=\u0022filter-grid-switch--label\u0022\u003E\n        \u003Cdiv class=\u0022view-all-shades view-all-shades--desktop show-xlarge-up--block\u0022\u003E\n          \u003Cspan class=\u0022view-all-shades__text\u0022\u003E{{^filters_complex}}{{ globals.t.product.prod_shades_view_all }}{{\/filters_complex}}{{#filters_complex}}{{ globals.t.product.sppshades_filter_all }}{{\/filters_complex}} \u003Cspan id=\u0022sku_count\u0022 class=\u0022count\u0022\u003E{{ sku_count }}\u003C\/span\u003E {{ globals.t.product.prod_shades_shades }} \u003C\/span\u003E\n          \u003Ci class=\u0022view-all-shades__icon\u0022\u003E\u003C\/i\u003E\n        \u003C\/div\u003E\n      \u003C\/label\u003E\n    \u003C\/div\u003E\n    \u003C!-- bar and grid --\u003E\n    \u003Cdiv class=\u0022product__sticky-wrapper\u0022\u003E\n      \u003Cdiv class=\u0022product__sticky-container responsive-container\u0022\u003E\n\n        \u003Cdiv class=\u0022product__shade-sticky site-banner__sticky-fix\u0022\u003E\n          {{\u003E molecules_shade_picker_filter_grid }}\n        \u003C\/div\u003E \u003C!-- \/.product__shade-sticky --\u003E\n\n        \u003Cdiv class=\u0022product__bag-bar\u0022 id=\u0022product-bag-bar-attach\u0022\u003E\n          {{\u003E molecules_add_to_bag_bar }}\n        \u003C\/div\u003E\n\n      \u003C\/div\u003E\n    \u003C\/div\u003E\n    {{\/ spp_show_shade_filter }}\n    {{\/ mac_product_layout.product_full }}\n\n    \u003Cdiv class=\u0022js-shade-picker__color\u0022\u003E\u003C\/div\u003E\n\n  {{\/ shaded }}\n\n  {{# mac_product_layout.product_full }}\n    {{\u003E molecules_pinterest_tags }}\n  {{\/ mac_product_layout.product_full }}\n\u003C\/div\u003E\n","partials":{"molecules_product_detail":"product_detail_v1","molecules_shade_picker":"shade_picker_v1","molecules_shade_picker_filter_grid":"shade_picker_filter_grid_v1","molecules_add_to_bag_bar":"add_to_bag_bar_v1","molecules_add_to_favorites":"add_to_favorites_v1","molecules_inventory_status":"inventory_status_v1","molecules_pinterest_tags":"spp_pinterest_tags_v1","molecules_spp_share":"spp_share_v1"},"attached":{"libraries":[{"module":"mac_product","name":"mac_product_client_framework_v1"}],"js":"","css":""},"data":{"fake_input":""}},"inventory_status_v1":{"content":"{{#isLimitedRemaining}}\n{{#globals.t.product.error_message_limited_remaining}}\n\u003Cdiv class=\u0022error error_messages js-limited-remaining error-message-limited-remaining align-center\u0022\u003E{{{ globals.t.product.error_message_limited_remaining }}}\u003C\/div\u003E\n{{\/globals.t.product.error_message_limited_remaining}}\n{{\/isLimitedRemaining}}\n\n\u003Cul class=\u0022product__inventory-status js-inv-status-list {{# globals.variables.display_notify_tos }}temp-out-of-stock_notifyme-spacing{{\/ globals.variables.display_notify_tos }}{{^ globals.variables.display_notify_tos }}temp-out-of-stock__message-spacing{{\/ globals.variables.display_notify_tos }}\u0022 data-sku-base-id=\u0022{{SKU_BASE_ID}}\u0022\u003E\n  \u003Cli class=\u0022js-inv-status-2 product__inv-status-item temp-out-of-stock {{# globals.variables.display_notify_tos }}display__notify-me{{\/ globals.variables.display_notify_tos }}\u0022\u003E\n    {{# globals.variables.display_notify_tos }}{{\u003E notify_me}}{{\/ globals.variables.display_notify_tos }}\n    \u003Cdiv class=\u0022{{# globals.variables.display_notify_tos }}temp-out-of-stock__text{{\/ globals.variables.display_notify_tos }}{{^ globals.variables.display_notify_tos }}temp-out-of-stock__msg{{\/ globals.variables.display_notify_tos }}\u0022\u003E{{{globals.t.product.temp_out_of_stock_msg}}}\u003C\/div\u003E\n    \u003Cdiv class=\u0022{{# globals.variables.display_notify_tos }}temp-out-of-stock-short__text{{\/ globals.variables.display_notify_tos }}{{^ globals.variables.display_notify_tos }}temp-out-of-stock-short__msg{{\/ globals.variables.display_notify_tos }}\u0022\u003E{{{globals.t.product.temp_out_of_stock_msg_short}}}\u003C\/div\u003E\n  \u003C\/li\u003E\n  \u003Cli class=\u0022js-inv-status-3 product__inv-status-item coming-soon {{# globals.variables.display_notify_tos }}display__notify-me{{\/ globals.variables.display_notify_tos }} {{^ globals.variables.display_notify_cs }}coming-soon-text{{\/ globals.variables.display_notify_cs }}\u0022\u003E{{# globals.variables.display_notify_cs }}{{\u003Enotify_me}}{{\/ globals.variables.display_notify_cs }}{{# globals.variables.display_notify_cs }}\u003Cdiv class=\u0022coming-soon_text\u0022\u003E{{\/ globals.variables.display_notify_cs }}{{{globals.t.product.coming_soon_stock_msg}}}{{# globals.variables.display_notify_cs }}\u003C\/div\u003E{{\/ globals.variables.display_notify_cs }}\u003C\/li\u003E\n  \u003Cli class=\u0022js-inv-status-5 product__inv-status-item inactive\u0022\u003E{{{globals.t.product.inactive_stock_msg}}}\u003C\/li\u003E\n  \u003Cli class=\u0022js-inv-status-7 product__inv-status-item sold-out btn\u0022\u003E{{{globals.t.product.sold_out_stock_msg}}}\u003C\/li\u003E\n\u003C\/ul\u003E\n","partials":{"notify_me":"notify_me_v1"},"attached":[],"data":{"fake_input":""}},"spp_pinterest_tags_v1":{"content":"\u003C!-- Pinterest tags --\u003E\n\u003Cdiv itemprop=\u0022offers\u0022 itemscope itemtype=\u0022http:\/\/schema.org\/Offer\u0022\u003E\n{{#sized}}\n  \u003Cmeta class=\u0022meta_name\u0022 itemprop=\u0022name\u0022 content=\u0022{{PROD_RGN_NAME}}, {{PRODUCT_SIZE}}\u0022\/\u003E\n{{\/sized}}\n{{#shaded}}\n  \u003Cmeta class=\u0022meta_name\u0022 itemprop=\u0022name\u0022 content=\u0022{{PROD_RGN_NAME}}, {{SHADENAME}}\u0022\/\u003E\n{{\/shaded}}\n  \u003Cmeta class=\u0022meta_sku\u0022 itemprop=\u0022sku\u0022 content=\u0022{{SKU_ID}}\u0022\/\u003E\n  \u003Cmeta class=\u0022meta_price\u0022 itemprop=\u0022price\u0022 content=\u0022{{PRICE}}\u0022\/\u003E\n  \u003Cmeta itemprop=\u0022priceCurrency\u0022 content=\u0022{{CURRENCY_TYPE}}\u0022\/\u003E\n  \u003Cmeta itemprop=\u0022availability\u0022 content=\u0022{{INVENTORY_STATUS_PINTEREST_LABEL}}\u0022\/\u003E\n\u003C\/div\u003E\n\u003C!-- \/ Pinterest tags --\u003E\n","partials":[],"attached":{"js":"","css":""},"data":{"fake_input":""}},"spp_share_v1":{"content":"\u003Cdiv class=\u0022product__share-bar\u0022\u003E\n  \u003Cdiv class=\u0022product__share\u0022\u003E\n    \u003Cdiv class=\u0022product__share--text\u0022\u003E\u003Ca class=\u0022js-product__share-trigger\u0022 href=\u0022#\u0022\u003E{{ globals.t.product.prod_share }}\u003C\/a\u003E\u003C\/div\u003E\n    \u003Cul class=\u0022product__social-links\u0022\u003E\n    {{# globals.variables.display_share }}\n    {{#class}}\n      \u003Cli class=\u0022product__social-link--{{class}}\u0022 data-name=\u0022{{class}}\u0022\u003E\u003Ci class=\u0022icon--{{#icon}}{{icon}}{{\/icon}}{{^ icon }}{{class}}{{\/icon}}\u0022\u003E\u003C\/i\u003E\u003C\/li\u003E\n    {{\/class}}\n    {{\/ globals.variables.display_share }}\n    \u003C\/ul\u003E\n  \u003C\/div\u003E\n\u003C\/div\u003E\n","partials":[],"attached":{"js":"","css":""},"data":{"fake_input":""}},"ca_ip_detect":{"content":"\u003Cdiv class=\u0022ca-ip-interstitial\u0022\u003E\n\u003Cp\u003EWould you like to stay on the US site?\u003Cbr \/\u003E\nOr would you like to go to the CA site?\u003C\/p\u003E\n\u003C\/div\u003E\n","partials":[],"attached":[],"data":[]},"notify_me_v1":{"content":"  \u003Cdiv class=\u0022notify-status js-add-button\u0022 \u003E\n    \u003Ca href=\u0022#\u0022 class =\u0022js-notify-me notify_me\u0022 data-sku-inv-status=\u0022{{INVENTORY_STATUS}}\u0022  data-sku-base-id=\u0022{{SKU_BASE_ID}}\u0022\u003E{{ globals.t.product.notify_me_text }}\u003C\/a\u003E\n  \u003C\/div\u003E\n","partials":[],"attached":{"js":"sites\/maccosmetics\/themes\/mac_base\/template_api\/products\/notify_me_v1\/notify_me_v1.js","css":""},"data":{"fake_input":""}}};
site["translations"] = {"product":{"add_to_bag":"Add to Bag","added_to_bag":"Added to Bag","preview_shades":"Preview Shades","see_all_shades":"See All Shades","prod_shades_view_all":"Shop","prod_shades_shades":"Shades","prod_details":"Product Details","prod_more_details":"More Details","prod_share":"Share","prod_free_ship":"ENJOY TWO ADDITIONAL SAMPLES AT CHECKOUT \u003Cbr \/\u003E WITH EVERY ORDER OVER \u00a345!","notify_me_text":"Notify Me!","prod_rating":"Rating","prod_reviews":"Reviews","prod_overall_rating":"Overall Rating","temp_out_of_stock_msg":"Temp Out of Stock","temp_out_of_stock_msg_short":"Temp Out of Stock","coming_soon_stock_msg":"Coming soon","coming_soon_stock_msg_short":"Coming Soon","inactive_stock_msg":"Sorry, this item is inactive.","inactive_stock_msg_short":"Inactive","sold_out_stock_msg":"Sold Out","sold_out_stock_msg_short":"Sold Out","cart_overlay_title":"Your Bag","cart_overlay_edit":"Edit","cart_overlay_path":"\/checkout\/viewcart.tmpl","cart_overlay_subtotal":"Subtotal","cart_overlay_checkout":"Checkout","cart_overlay_shipping":"QUICK! GET 3 FREE SAMPLES \u003Cbr \/\u003E WITH ALL ORDERS OVER \u00a345!","cart_overlay_recommendations":"Works Well With","acct_col_products":"Products","acct_col_qty":"Quantity","acct_col_qty_abbr":"QTY","acct_col_rating":"Rating","acct_col_price":"Price","acct_col_reorder":"Re-Order","add_to_favourites":"Add to Favourites","added_to_favourites":"Added to Favourites","move_to_favourites":"Move to Favourites","faves_added":"Added to \u003Ca href=\u0022\/account\/favorites\/index.tmpl\u0022\u003EFavourites\u003C\/a\u003E!","faves_removed":"Item has been removed from your \u003Ca href=\u0022\/account\/favorites\/index.tmpl\u0022\u003EFavourites\u003C\/a\u003E","sppprod_top":"Top","sppprod_www":"Works Well With","sppprod_desc_label":"Full Description","sppprod_sku_notes_label":"Shade Description","sppprod_claims_label":"Key Claims and Benefits","sppprod_use_label":"Usage","sppprod_est_del_pc":"When will it arrive?","sppprod_est_del_mobile":"When will it arrive?","sppprod_edd_header":"When will it arrive?","sppprod_edd_instruction":"Provide your US shipping zip code to get an estimated arrival date for in-stock items.","sppprod_edd_placeholder":"Zip Code","sppprod_edd_btn":"Apply","sppprod_edd_tc":"Terms and Conditions","sppprod_edd_tc_copy":"Estimated delivery date applies to in-stock items and may not be available depending on shipment details. The dates provided are estimates and subject to change and do not apply to PO Boxes, APO\/FPO\/DPO or U.S. Territories. For pre-orders, please refer to the estimated ship timing on the product page. We do our best to estimate the most accurate delivery time for your convenience. Once your order has been shipped, please refer to the tracking information in your email confirmation.\r\n\u003Cbr\u003E\u003Cbr\u003E\r\nStandard Shipping is complimentary on all U.S. orders. Upgrade to 2nd Day Shipping for $5.00 or Overnight Shipping for $10.00. Pro Members receive complimentary Standard Shipping with $100+ orders. ","sppprod_edd_col_edd":"Estimated Delivery Date","sppprod_edd_col_price":"Price","sppprod_edd_date_format":"normal","sppprod_social_links":{"value":"","format":"full_html"},"mac_comsmetics_name":"M%C2%B7A%C2%B7C Cosmetics","sppprod_edd_col_meth":"Ship Method","miniprod_shade":"Shade:","sppshades_filter_all":"Shop \/ Filter","sppshades_filters":"Filters","sppshades_clear":"Clear All ","sppshades_preview":"Preview Shades ","sppshades_filter_finish":"Finish","sppshades_filter_colour":"Colour","sppshades_filter_recommended":"Recommended","sppshades_all":"All","sppshades_sortby":"Sort By ","sppshades_back":"Back","custom_palette_default_name":"Custom Palette","custom_palette_tooltip":"Drag and Drop Shades to the Palette ","custom_palette_inspire":"Inspire Me!","custom_palette_show_shadenames":"Show Shade Names","custom_palette_hide_shadenames":"Hide Shade Names","custom_palette_name":"Name your Custom Palette","bv_enter_email":"Please enter your email address to write a review.","bv_recog_email":"We will recognize you if you have an existing MACcosmetics.co.uk account.","bv_pls_valid_email":"Please enter a valid email address","bv_example_email":"jane@maccosmetics.co.uk","bv_enter_btn":"ENTER","bv_welcome_back":"Welcome Back.","bv_pls_enter_pwd":"Please enter your password to sign in","bv_email":"email","bv_password":"password","bv_forgot_pwd":"Forgot Password?","bv_sign_in":"Sign In","collections_add_all_to_bag":"Add all to bag","collections_read_more":"Read More","collections_view_all":"View All Collections","collections_view_all_url":"\/collections","video_products_header":"Get The Look"},"culture":{"mac_culture":"Check Out This Story on M\u2219A\u2219C Culture","check_out_all_the_articles":"Check out this M\u2219A\u2219C Culture feature I\u2019m loving right now! "}};
</script>
<script>var page_data = {"consolidated-categories":{"categories":[]},"consolidated-products":{"products":[{"NAME_SHORT":null,"LARGE_IMAGE":["\/media\/export\/cms\/products\/640x600\/mac_sku_S4FF01_640x600_0.jpg"],"AVERAGE_RATING_PERCENT":null,"PRODUCT_BUZZWORDS":"Cream Formula, Buildable Coverage, Portable","MEDIUM_IMAGE":"\/media\/export\/cms\/products\/280x320\/mac_sku_S4FF01_280x320_0.jpg","PRO_FLAG":0,"CUSTOM_PALETTE_SMALL_IMAGE":null,"CLAIMS":"\u003Cul\u003E\u003Cli\u003E Highly pigmented \u003C\/li\u003E\u003Cli\u003E Long-wearing \u003C\/li\u003E\u003Cli\u003E Water-resistant \u003C\/li\u003E\u003Cli\u003E Non-drying \u003C\/li\u003E\u003Cli\u003E For all skin types \u003C\/li\u003E\u003Cli\u003E Safe for contact lens wearers \u003C\/li\u003E\u003Cli\u003E Ophthalmologist tested \u003C\/li\u003E\u003Cli\u003E Dermatologist tested \u003C\/li\u003E\u003Cli\u003E Non-acnegenic \u003C\/li\u003E\u003Cli\u003E Fragrance-free \u003C\/li\u003E\u003C\/ul\u003E","url":"\/product\/13835\/46276\/products\/makeup\/eyes\/eye-palettes-kits\/creme-shadow-x-6-glamorize-me","category":{"CAT_BASE_ID":13835,"BREADCRUMB_MENU_CAT_ID":null,"url":"\/products\/13835\/products\/makeup\/eyes\/eye-palettes-kits","DESCRIPTION":null,"CATEGORY_ID":"CAT13835","CATEGORY_NAME":"Eye Palettes + Kits","ROOTS1":null},"RATING_IMAGE":"\/images\/global\/transparent.gif","isShoppable":1,"IMAGE_COLLECTION":"\/media\/export\/cms\/products\/collection\/mac_collection_S4FF01.jpg","IMAGE_SMOOSH":"\/media\/export\/cms\/products\/smoosh\/mac_smoosh_S4FF01.jpg","PRODUCT_USAGE":"\u003Cul\u003E\u003Cli\u003E For use on eyes (not recommended for inner rim). \u003C\/li\u003E\u003Cli\u003E Using a clean sanitized brush, sponge-tip applicator or Q-tip, apply product sparingly, layering more if desired. \u003C\/li\u003E\u003Cli\u003E Blend evenly with an eye applicator and\/or fingertips. \u003C\/li\u003E\u003C\/ul\u003E","AVERAGE_RATING":null,"RATING_RANGE":null,"TOTAL_REVIEW_COUNT":null,"DEFAULT_CAT_ID":"CAT13835","worksWithSkuIds":["SKU77371","SKU77372","SKU77374","SKU77370","SKU77366","SKU77363"],"DESCRIPTION":"Diane Kendal\u2019s colours for eyes. All pearlescent finishes in light gold, reddish-bronze, royal purple, reddish-plum, navy blue and deep blackened-brown. Medium, buildable colour. Cream Colour Shadow formulas. Limited edition. Custom packaging in matte black with Diane\u2019s signature in gold.","worksWith":["PROD46270","PROD46272","PROD46274","PROD46269","PROD46268","PROD46266"],"AWARD_1":null,"PARENT_CAT_ID":"CAT13835","PRODUCT_ID":"PROD46276","palette":1,"CUSTOM_PALETTE_MEDIUM_IMAGE":null,"CUSTOM_PALETTE_LARGE_IMAGE":null,"PROD_BASE_ID":46276,"PROD_RGN_NAME":"Cr\u00e8me Shadow X 6: Glamorize Me","SUB_LINE":null,"sized":0,"skus":[{"LARGE_IMAGE":["\/media\/export\/cms\/products\/640x600\/mac_sku_S4FF01_640x600_0.jpg","\/media\/export\/cms\/products\/640x600\/mac_sku_S4FF01_640x600_1.jpg"],"highVelocityQty":-1,"LIFE_OF_PRODUCT":1,"MEDIUM_IMAGE":["\/media\/export\/cms\/products\/280x320\/mac_sku_S4FF01_280x320_0.jpg"],"PRO_FLAG":0,"PRICE":36,"CUSTOM_PALETTE_SMALL_IMAGE":null,"isLimitedRemaining":0,"formattedPrice2":"\u00a336.00 ","formattedUnitPrice":"\u00a360.00  \/ 10g","FLASH_DESC":null,"PRODUCT_CODE":"S4FF01","isShoppable":1,"IMAGE_COLLECTION":"\/media\/export\/cms\/products\/collection\/mac_collection_S4FF01.jpg","IMAGE_SMOOSH":"\/media\/export\/cms\/products\/smoosh\/mac_smoosh_S4FF01.jpg","UNDERTONE":null,"isOrderable":1,"USE_WITH":null,"SKU_ID":"SKU77376","FINISH":null,"PRODUCT_FORM":null,"SKU_MULTISHADED_IMAGE":"\/media\/export\/cms\/products\/smoosh\/mac_smoosh_S4FF01.jpg","worksWith":null,"formattedPrice":"\u00a336.00 ","SKU_MULTISHADED_IMAGE_HOVER":"\/media\/export\/cms\/products\/smoosh\/mac_smoosh_S4FF01_1.jpg","PARENT_CAT_ID":"CAT13835","PRODUCT_ID":"PROD46276","CUSTOM_PALETTE_MEDIUM_IMAGE":null,"CUSTOM_PALETTE_LARGE_IMAGE":null,"SKU_NOTES":"\u003Cul\u003E\u003Cli\u003EGlowing : Light 14k gold pearl\u003C\/li\u003E\u003Cli\u003EDynamic : Reddish bronze with pearl\u003C\/li\u003E\u003Cli\u003EAlluring : Royal purple with pearl\u003CBR\u003EEnigmatic : Reddish plum with pearl\u003C\/li\u003E\u003Cli\u003EDaring : Navy blue with pearl\u003C\/li\u003E\u003Cli\u003ERebellious : Deep blackened brown with pearl\u003C\/li\u003E\u003C\/ul\u003E","PRODUCT_SIZE":"6 g","DEFAULT_SKU":0,"INTENSITY":null,"SHADE_DESCRIPTION":null,"PRODUCT_TYPE":null,"INVENTORY_STATUS":1,"SMALL_IMAGE":"\/media\/export\/cms\/products\/124x163\/mac_sku_S4FF01_124x163_0.jpg","PRICE_CHANGE_DATE":null,"ATTRIBUTE_COLOR_FAMILY":null,"SHADENAME":null,"isComingSoon":0,"RESTRICT_GROUP":null,"COVERAGE":null,"HEX_VALUE_STRING":"#f0c092","FIBRE":null,"path":"CAT13835PROD46276SKU77376","SKU_BASE_ID":77376,"FUTURE_PRICE":36,"DISPLAY_ORDER":0,"REFILLABLE":0,"AREA_OF_FACE":null,"USE":null,"PRICE2":null,"DISPLAY_STATUS":7}],"PRODUCT_TYPE":3,"IS_MULTISHADED":null,"FORMULA":null,"SMALL_IMAGE":"\/media\/export\/cms\/products\/124x163\/mac_sku_S4FF01_124x163_0.jpg","AVERAGE_RATING_ROUNDED":null,"RESTRICT_GROUP":null,"PROD_RGN_SUBHEADING":null,"RECOMMENDED_PERCENT":null,"SHORT_DESC":"Diane Kendal\u2019s eye colours in a palette of six cream shadows.","path":"CAT13835PROD46276","RECOMMENDED_COUNT":null,"shaded":0,"DISPLAY_STATUS":7,"buildCanonicalURL":"\/product\/13835\/46276\/products\/makeup\/eyes\/eye-palettes-kits\/creme-shadow-x-6-glamorize-me","ONLY_RATINGS_COUNT":null,"sku_as_product":true,"defaultSku":{"LARGE_IMAGE":["\/media\/export\/cms\/products\/640x600\/mac_sku_S4FF01_640x600_0.jpg","\/media\/export\/cms\/products\/640x600\/mac_sku_S4FF01_640x600_1.jpg"],"highVelocityQty":-1,"LIFE_OF_PRODUCT":1,"MEDIUM_IMAGE":"\/media\/export\/cms\/products\/280x320\/mac_sku_S4FF01_280x320_0.jpg","PRO_FLAG":0,"PRICE":36,"CUSTOM_PALETTE_SMALL_IMAGE":null,"isLimitedRemaining":0,"formattedPrice2":"\u00a336.00 ","formattedUnitPrice":"\u00a360.00  \/ 10g","FLASH_DESC":null,"PRODUCT_CODE":"S4FF01","isShoppable":1,"IMAGE_COLLECTION":"\/media\/export\/cms\/products\/collection\/mac_collection_S4FF01.jpg","IMAGE_SMOOSH":"\/media\/export\/cms\/products\/smoosh\/mac_smoosh_S4FF01.jpg","UNDERTONE":null,"isOrderable":1,"USE_WITH":null,"SKU_ID":"SKU77376","FINISH":null,"PRODUCT_FORM":null,"SKU_MULTISHADED_IMAGE":"\/media\/export\/cms\/products\/smoosh\/mac_smoosh_S4FF01.jpg","worksWith":null,"formattedPrice":"\u00a336.00 ","SKU_MULTISHADED_IMAGE_HOVER":"\/media\/export\/cms\/products\/smoosh\/mac_smoosh_S4FF01_1.jpg","PARENT_CAT_ID":"CAT13835","PRODUCT_ID":"PROD46276","CUSTOM_PALETTE_MEDIUM_IMAGE":null,"CUSTOM_PALETTE_LARGE_IMAGE":null,"SKU_NOTES":"\u003Cul\u003E\u003Cli\u003EGlowing : Light 14k gold pearl\u003C\/li\u003E\u003Cli\u003EDynamic : Reddish bronze with pearl\u003C\/li\u003E\u003Cli\u003EAlluring : Royal purple with pearl\u003CBR\u003EEnigmatic : Reddish plum with pearl\u003C\/li\u003E\u003Cli\u003EDaring : Navy blue with pearl\u003C\/li\u003E\u003Cli\u003ERebellious : Deep blackened brown with pearl\u003C\/li\u003E\u003C\/ul\u003E","PRODUCT_SIZE":"6 g","DEFAULT_SKU":0,"INTENSITY":null,"SHADE_DESCRIPTION":null,"PRODUCT_TYPE":null,"INVENTORY_STATUS":1,"SMALL_IMAGE":"\/media\/export\/cms\/products\/124x163\/mac_sku_S4FF01_124x163_0.jpg","PRICE_CHANGE_DATE":null,"ATTRIBUTE_COLOR_FAMILY":null,"SHADENAME":null,"isComingSoon":0,"RESTRICT_GROUP":null,"COVERAGE":null,"HEX_VALUE_STRING":"#f0c092","FIBRE":null,"path":"CAT13835PROD46276SKU77376","SKU_BASE_ID":77376,"FUTURE_PRICE":36,"DISPLAY_ORDER":0,"REFILLABLE":0,"AREA_OF_FACE":null,"USE":null,"PRICE2":null,"DISPLAY_STATUS":7}},{"NAME_SHORT":null,"LARGE_IMAGE":["\/media\/export\/cms\/products\/640x600\/mac_sku_S4FH04_640x600_0.jpg"],"AVERAGE_RATING_PERCENT":null,"PRODUCT_BUZZWORDS":"Deep Burgundy Shade, Dramatic Volume, 15-Hour Wear","MEDIUM_IMAGE":"\/media\/export\/cms\/products\/280x320\/mac_sku_S4FH04_280x320_0.jpg","PRO_FLAG":0,"CUSTOM_PALETTE_SMALL_IMAGE":null,"CLAIMS":"\u003Cul\u003E\u003Cli\u003E Long-wearing, 15 hours \u003C\/li\u003E\u003Cli\u003E Volumizing, 108% increase \u003C\/li\u003E\u003Cli\u003E Curling \u003C\/li\u003E\u003Cli\u003E Non-clumping \u003C\/li\u003E\u003Cli\u003E Sweat- and humidity-resistant \u003C\/li\u003E\u003Cli\u003E Flake-proof and smudge-proof \u003C\/li\u003E\u003Cli\u003E Safe for sensitive eyes \u003C\/li\u003E\u003Cli\u003E Safe for contact lens wearers \u003C\/li\u003E\u003Cli\u003E Ophthalmologist tested \u003C\/li\u003E\u003C\/ul\u003E","url":"\/product\/13839\/46278\/products\/makeup\/eyes\/mascara\/opulash-diane-kendal","category":{"CAT_BASE_ID":13839,"BREADCRUMB_MENU_CAT_ID":null,"url":"\/products\/13839\/products\/makeup\/eyes\/mascara","DESCRIPTION":null,"CATEGORY_ID":"CAT13839","CATEGORY_NAME":"Mascara","ROOTS1":null},"RATING_IMAGE":"\/images\/global\/transparent.gif","isShoppable":1,"IMAGE_COLLECTION":"\/media\/export\/cms\/products\/collection\/mac_collection_S4FH04.jpg","IMAGE_SMOOSH":"\/media\/export\/cms\/products\/smoosh\/mac_smoosh_S4FH04.jpg","PRODUCT_USAGE":"\u003Cul\u003E\u003Cli\u003E Press the brush into lashes close to roots and \u201cshimmy\u201d through from root to tip. \u003C\/li\u003E\u003Cli\u003E Build until desired effect is achieved. \u003C\/li\u003E\u003C\/ul\u003E","AVERAGE_RATING":null,"RATING_RANGE":null,"TOTAL_REVIEW_COUNT":null,"DEFAULT_CAT_ID":"CAT13839","worksWithSkuIds":["SKU77376","SKU77380","SKU77375","SKU77383","SKU77384","SKU77386"],"DESCRIPTION":"Extra volume and curl are dramatically delivered with a bodacious brush for intense lay-down of product with excellent separation. The large diameter at the back of the brush gives a big, volumized look and the tapered front tip makes the inner corners easier to reach. Lasts 15 hours without flaking or smudging. Now in a limited-edition deep burgundy shade. Custom packaging in black with Diane\u2019s signature in gold.","worksWith":["PROD46276","PROD46277","PROD46275","PROD46279","PROD46280","PROD46281"],"AWARD_1":null,"PARENT_CAT_ID":"CAT13839","PRODUCT_ID":"PROD46278","palette":0,"CUSTOM_PALETTE_MEDIUM_IMAGE":null,"CUSTOM_PALETTE_LARGE_IMAGE":null,"PROD_BASE_ID":46278,"PROD_RGN_NAME":"Opulash \/ Diane Kendal","SUB_LINE":null,"sized":0,"skus":[{"LARGE_IMAGE":["\/media\/export\/cms\/products\/640x600\/mac_sku_S4FH04_640x600_0.jpg"],"highVelocityQty":-1,"LIFE_OF_PRODUCT":1,"MEDIUM_IMAGE":["\/media\/export\/cms\/products\/280x320\/mac_sku_S4FH04_280x320_0.jpg"],"PRO_FLAG":0,"PRICE":15.5,"CUSTOM_PALETTE_SMALL_IMAGE":null,"isLimitedRemaining":0,"formattedPrice2":"\u00a315.50 ","formattedUnitPrice":"\u00a314.09  \/ 10g","FLASH_DESC":null,"PRODUCT_CODE":"S4FH04","isShoppable":1,"IMAGE_COLLECTION":"\/media\/export\/cms\/products\/collection\/mac_collection_S4FH04.jpg","IMAGE_SMOOSH":"\/media\/export\/cms\/products\/smoosh\/mac_smoosh_S4FH04.jpg","UNDERTONE":null,"isOrderable":1,"USE_WITH":null,"SKU_ID":"SKU77382","FINISH":null,"PRODUCT_FORM":null,"SKU_MULTISHADED_IMAGE":"\/media\/export\/cms\/products\/smoosh\/mac_smoosh_S4FH04.jpg","worksWith":null,"formattedPrice":"\u00a315.50 ","SKU_MULTISHADED_IMAGE_HOVER":"\/media\/export\/cms\/products\/smoosh\/mac_smoosh_S4FH04_1.jpg","PARENT_CAT_ID":"CAT13839","PRODUCT_ID":"PROD46278","CUSTOM_PALETTE_MEDIUM_IMAGE":null,"CUSTOM_PALETTE_LARGE_IMAGE":null,"SKU_NOTES":null,"PRODUCT_SIZE":"11 g","DEFAULT_SKU":0,"INTENSITY":null,"SHADE_DESCRIPTION":"Deep burgundy","PRODUCT_TYPE":null,"INVENTORY_STATUS":1,"SMALL_IMAGE":"\/media\/export\/cms\/products\/124x163\/mac_sku_S4FH04_124x163_0.jpg","PRICE_CHANGE_DATE":null,"ATTRIBUTE_COLOR_FAMILY":null,"SHADENAME":"Flighty","isComingSoon":0,"RESTRICT_GROUP":null,"COVERAGE":null,"HEX_VALUE_STRING":"#411f26","FIBRE":null,"path":"CAT13839PROD46278SKU77382","SKU_BASE_ID":77382,"FUTURE_PRICE":15.5,"DISPLAY_ORDER":0,"REFILLABLE":0,"AREA_OF_FACE":null,"USE":null,"PRICE2":null,"DISPLAY_STATUS":7}],"PRODUCT_TYPE":1,"IS_MULTISHADED":null,"FORMULA":null,"SMALL_IMAGE":"\/media\/export\/cms\/products\/124x163\/mac_sku_S4FH04_124x163_0.jpg","AVERAGE_RATING_ROUNDED":null,"RESTRICT_GROUP":null,"PROD_RGN_SUBHEADING":null,"RECOMMENDED_PERCENT":null,"SHORT_DESC":"A mascara that delivers extra volume and curl in a limited-edition deep burgundy shade.","path":"CAT13839PROD46278","RECOMMENDED_COUNT":null,"shaded":false,"DISPLAY_STATUS":7,"buildCanonicalURL":"\/product\/13839\/46278\/products\/makeup\/eyes\/mascara\/opulash-diane-kendal","ONLY_RATINGS_COUNT":null,"sku_as_product":true,"defaultSku":{"LARGE_IMAGE":["\/media\/export\/cms\/products\/640x600\/mac_sku_S4FH04_640x600_0.jpg"],"highVelocityQty":-1,"LIFE_OF_PRODUCT":1,"MEDIUM_IMAGE":"\/media\/export\/cms\/products\/280x320\/mac_sku_S4FH04_280x320_0.jpg","PRO_FLAG":0,"PRICE":15.5,"CUSTOM_PALETTE_SMALL_IMAGE":null,"isLimitedRemaining":0,"formattedPrice2":"\u00a315.50 ","formattedUnitPrice":"\u00a314.09  \/ 10g","FLASH_DESC":null,"PRODUCT_CODE":"S4FH04","isShoppable":1,"IMAGE_COLLECTION":"\/media\/export\/cms\/products\/collection\/mac_collection_S4FH04.jpg","IMAGE_SMOOSH":"\/media\/export\/cms\/products\/smoosh\/mac_smoosh_S4FH04.jpg","UNDERTONE":null,"isOrderable":1,"USE_WITH":null,"SKU_ID":"SKU77382","FINISH":null,"PRODUCT_FORM":null,"SKU_MULTISHADED_IMAGE":"\/media\/export\/cms\/products\/smoosh\/mac_smoosh_S4FH04.jpg","worksWith":null,"formattedPrice":"\u00a315.50 ","SKU_MULTISHADED_IMAGE_HOVER":"\/media\/export\/cms\/products\/smoosh\/mac_smoosh_S4FH04_1.jpg","PARENT_CAT_ID":"CAT13839","PRODUCT_ID":"PROD46278","CUSTOM_PALETTE_MEDIUM_IMAGE":null,"CUSTOM_PALETTE_LARGE_IMAGE":null,"SKU_NOTES":null,"PRODUCT_SIZE":"11 g","DEFAULT_SKU":0,"INTENSITY":null,"SHADE_DESCRIPTION":"Deep burgundy","PRODUCT_TYPE":null,"INVENTORY_STATUS":1,"SMALL_IMAGE":"\/media\/export\/cms\/products\/124x163\/mac_sku_S4FH04_124x163_0.jpg","PRICE_CHANGE_DATE":null,"ATTRIBUTE_COLOR_FAMILY":null,"SHADENAME":"Flighty","isComingSoon":0,"RESTRICT_GROUP":null,"COVERAGE":null,"HEX_VALUE_STRING":"#411f26","FIBRE":null,"path":"CAT13839PROD46278SKU77382","SKU_BASE_ID":77382,"FUTURE_PRICE":15.5,"DISPLAY_ORDER":0,"REFILLABLE":0,"AREA_OF_FACE":null,"USE":null,"PRICE2":null,"DISPLAY_STATUS":7},"qs_shade_route":"#\/shade\/Flighty","spp_show_shade_filter":true,"single_shade":true},{"NAME_SHORT":null,"LARGE_IMAGE":["\/media\/export\/cms\/products\/640x600\/mac_sku_S4FJ01_640x600_0.jpg"],"AVERAGE_RATING_PERCENT":null,"PRODUCT_BUZZWORDS":"Vivid Colour, Safe for Waterline, Limited Edition","MEDIUM_IMAGE":"\/media\/export\/cms\/products\/280x320\/mac_sku_S4FJ01_280x320_0.jpg","PRO_FLAG":0,"CUSTOM_PALETTE_SMALL_IMAGE":null,"CLAIMS":"\u003Cul\u003E\u003Cli\u003E Safe for use in waterline \u003C\/li\u003E\u003Cli\u003E Long-wearing \u003C\/li\u003E\u003Cli\u003E Smudge-proof \u003C\/li\u003E\u003Cli\u003E Transfer-resistant \u003C\/li\u003E\u003Cli\u003E Dermatologist tested \u003C\/li\u003E\u003Cli\u003E Ophthalmologist tested \u003C\/li\u003E\u003Cli\u003E Safe for contact lens wearers \u003C\/li\u003E\u003C\/ul\u003E","url":"\/product\/13838\/46277\/products\/makeup\/eyes\/liner\/kajal-crayon-diane-kendal","category":{"CAT_BASE_ID":13838,"BREADCRUMB_MENU_CAT_ID":null,"url":"\/products\/13838\/products\/makeup\/eyes\/liner","DESCRIPTION":null,"CATEGORY_ID":"CAT13838","CATEGORY_NAME":"Liner","ROOTS1":null},"RATING_IMAGE":"\/images\/global\/transparent.gif","isShoppable":1,"IMAGE_COLLECTION":"\/media\/export\/cms\/products\/collection\/mac_collection_S4FJ01.jpg","IMAGE_SMOOSH":"\/media\/export\/cms\/products\/smoosh\/mac_smoosh_S4FJ01.jpg","PRODUCT_USAGE":"Apply to lid directly (can be used in waterline).","AVERAGE_RATING":null,"RATING_RANGE":null,"TOTAL_REVIEW_COUNT":null,"DEFAULT_CAT_ID":"CAT13838","worksWithSkuIds":["SKU77382","SKU77376","SKU77375","SKU77384","SKU77383","SKU77386"],"DESCRIPTION":"Bold, full, saturated eye colour in one swipe that can be applied in the waterline. Colour intensity is bright, with wear that lasts throughout the day without running or smudging. The extremely soft and creamy liner provides excellent and even payoff in four bold shades. Custom packaging in matte black with Diane\u2019s signature in gold.","worksWith":["PROD46278","PROD46276","PROD46275","PROD46280","PROD46279","PROD46281"],"AWARD_1":null,"PARENT_CAT_ID":"CAT13838","PRODUCT_ID":"PROD46277","palette":0,"CUSTOM_PALETTE_MEDIUM_IMAGE":null,"CUSTOM_PALETTE_LARGE_IMAGE":null,"PROD_BASE_ID":46277,"PROD_RGN_NAME":"Kajal Crayon \/ Diane Kendal","SUB_LINE":null,"sized":0,"skus":[{"LARGE_IMAGE":["\/media\/export\/cms\/products\/640x600\/mac_sku_S4FJ01_640x600_0.jpg","\/media\/export\/cms\/products\/640x600\/mac_sku_S4FJ01_640x600_1.jpg"],"highVelocityQty":-1,"LIFE_OF_PRODUCT":1,"MEDIUM_IMAGE":["\/media\/export\/cms\/products\/280x320\/mac_sku_S4FJ01_280x320_0.jpg"],"PRO_FLAG":0,"PRICE":16.5,"CUSTOM_PALETTE_SMALL_IMAGE":null,"isLimitedRemaining":0,"formattedPrice2":"\u00a316.50 ","formattedUnitPrice":"","FLASH_DESC":null,"PRODUCT_CODE":"S4FJ01","isShoppable":0,"IMAGE_COLLECTION":"\/media\/export\/cms\/products\/collection\/mac_collection_S4FJ01.jpg","IMAGE_SMOOSH":"\/media\/export\/cms\/products\/smoosh\/mac_smoosh_S4FJ01.jpg","UNDERTONE":null,"isOrderable":0,"USE_WITH":null,"SKU_ID":"SKU77377","FINISH":null,"PRODUCT_FORM":null,"SKU_MULTISHADED_IMAGE":"\/media\/export\/cms\/products\/smoosh\/mac_smoosh_S4FJ01.jpg","worksWith":null,"formattedPrice":"\u00a316.50 ","SKU_MULTISHADED_IMAGE_HOVER":"\/media\/export\/cms\/products\/smoosh\/mac_smoosh_S4FJ01_1.jpg","PARENT_CAT_ID":"CAT13838","PRODUCT_ID":"PROD46277","CUSTOM_PALETTE_MEDIUM_IMAGE":null,"CUSTOM_PALETTE_LARGE_IMAGE":null,"SKU_NOTES":null,"PRODUCT_SIZE":"1.6 g","DEFAULT_SKU":0,"INTENSITY":null,"SHADE_DESCRIPTION":"Rich black","PRODUCT_TYPE":null,"INVENTORY_STATUS":7,"SMALL_IMAGE":"\/media\/export\/cms\/products\/124x163\/mac_sku_S4FJ01_124x163_0.jpg","PRICE_CHANGE_DATE":null,"ATTRIBUTE_COLOR_FAMILY":null,"SHADENAME":"Flourish Me Deep","isComingSoon":0,"RESTRICT_GROUP":null,"COVERAGE":null,"HEX_VALUE_STRING":"#393939","FIBRE":null,"path":"CAT13838PROD46277SKU77377","SKU_BASE_ID":77377,"FUTURE_PRICE":16.5,"DISPLAY_ORDER":0,"REFILLABLE":0,"AREA_OF_FACE":null,"USE":null,"PRICE2":null,"DISPLAY_STATUS":7},{"LARGE_IMAGE":["\/media\/export\/cms\/products\/640x600\/mac_sku_S4FJ04_640x600_0.jpg","\/media\/export\/cms\/products\/640x600\/mac_sku_S4FJ04_640x600_1.jpg"],"highVelocityQty":-1,"LIFE_OF_PRODUCT":1,"MEDIUM_IMAGE":["\/media\/export\/cms\/products\/280x320\/mac_sku_S4FJ04_280x320_0.jpg"],"PRO_FLAG":0,"PRICE":16.5,"CUSTOM_PALETTE_SMALL_IMAGE":null,"isLimitedRemaining":0,"formattedPrice2":"\u00a316.50 ","formattedUnitPrice":"","FLASH_DESC":null,"PRODUCT_CODE":"S4FJ04","isShoppable":0,"IMAGE_COLLECTION":"\/media\/export\/cms\/products\/collection\/mac_collection_S4FJ04.jpg","IMAGE_SMOOSH":"\/media\/export\/cms\/products\/smoosh\/mac_smoosh_S4FJ04.jpg","UNDERTONE":null,"isOrderable":0,"USE_WITH":null,"SKU_ID":"SKU77381","FINISH":null,"PRODUCT_FORM":null,"SKU_MULTISHADED_IMAGE":"\/media\/export\/cms\/products\/smoosh\/mac_smoosh_S4FJ04.jpg","worksWith":null,"formattedPrice":"\u00a316.50 ","SKU_MULTISHADED_IMAGE_HOVER":"\/media\/export\/cms\/products\/smoosh\/mac_smoosh_S4FJ04_1.jpg","PARENT_CAT_ID":"CAT13838","PRODUCT_ID":"PROD46277","CUSTOM_PALETTE_MEDIUM_IMAGE":null,"CUSTOM_PALETTE_LARGE_IMAGE":null,"SKU_NOTES":null,"PRODUCT_SIZE":"1.6 g","DEFAULT_SKU":0,"INTENSITY":null,"SHADE_DESCRIPTION":"Bright teal","PRODUCT_TYPE":null,"INVENTORY_STATUS":7,"SMALL_IMAGE":"\/media\/export\/cms\/products\/124x163\/mac_sku_S4FJ04_124x163_0.jpg","PRICE_CHANGE_DATE":null,"ATTRIBUTE_COLOR_FAMILY":null,"SHADENAME":"Flourish Me Vibrant","isComingSoon":0,"RESTRICT_GROUP":null,"COVERAGE":null,"HEX_VALUE_STRING":"#5dbebc","FIBRE":null,"path":"CAT13838PROD46277SKU77381","SKU_BASE_ID":77381,"FUTURE_PRICE":16.5,"DISPLAY_ORDER":0,"REFILLABLE":0,"AREA_OF_FACE":null,"USE":null,"PRICE2":null,"DISPLAY_STATUS":7},{"LARGE_IMAGE":["\/media\/export\/cms\/products\/640x600\/mac_sku_S4FJ03_640x600_0.jpg","\/media\/export\/cms\/products\/640x600\/mac_sku_S4FJ03_640x600_1.jpg"],"highVelocityQty":-1,"LIFE_OF_PRODUCT":1,"MEDIUM_IMAGE":["\/media\/export\/cms\/products\/280x320\/mac_sku_S4FJ03_280x320_0.jpg"],"PRO_FLAG":0,"PRICE":16.5,"CUSTOM_PALETTE_SMALL_IMAGE":null,"isLimitedRemaining":0,"formattedPrice2":"\u00a316.50 ","formattedUnitPrice":"","FLASH_DESC":null,"PRODUCT_CODE":"S4FJ03","isShoppable":1,"IMAGE_COLLECTION":"\/media\/export\/cms\/products\/collection\/mac_collection_S4FJ03.jpg","IMAGE_SMOOSH":"\/media\/export\/cms\/products\/smoosh\/mac_smoosh_S4FJ03.jpg","UNDERTONE":null,"isOrderable":1,"USE_WITH":null,"SKU_ID":"SKU77380","FINISH":null,"PRODUCT_FORM":null,"SKU_MULTISHADED_IMAGE":"\/media\/export\/cms\/products\/smoosh\/mac_smoosh_S4FJ03.jpg","worksWith":null,"formattedPrice":"\u00a316.50 ","SKU_MULTISHADED_IMAGE_HOVER":"\/media\/export\/cms\/products\/smoosh\/mac_smoosh_S4FJ03_1.jpg","PARENT_CAT_ID":"CAT13838","PRODUCT_ID":"PROD46277","CUSTOM_PALETTE_MEDIUM_IMAGE":null,"CUSTOM_PALETTE_LARGE_IMAGE":null,"SKU_NOTES":null,"PRODUCT_SIZE":"1.6 g","DEFAULT_SKU":0,"INTENSITY":null,"SHADE_DESCRIPTION":"Bright indigo blue","PRODUCT_TYPE":null,"INVENTORY_STATUS":1,"SMALL_IMAGE":"\/media\/export\/cms\/products\/124x163\/mac_sku_S4FJ03_124x163_0.jpg","PRICE_CHANGE_DATE":null,"ATTRIBUTE_COLOR_FAMILY":null,"SHADENAME":"Flourish Me Bold","isComingSoon":0,"RESTRICT_GROUP":null,"COVERAGE":null,"HEX_VALUE_STRING":"#383c81","FIBRE":null,"path":"CAT13838PROD46277SKU77380","SKU_BASE_ID":77380,"FUTURE_PRICE":16.5,"DISPLAY_ORDER":0,"REFILLABLE":0,"AREA_OF_FACE":null,"USE":null,"PRICE2":null,"DISPLAY_STATUS":7},{"LARGE_IMAGE":["\/media\/export\/cms\/products\/640x600\/mac_sku_S4FJ02_640x600_0.jpg","\/media\/export\/cms\/products\/640x600\/mac_sku_S4FJ02_640x600_1.jpg"],"highVelocityQty":-1,"LIFE_OF_PRODUCT":1,"MEDIUM_IMAGE":["\/media\/export\/cms\/products\/280x320\/mac_sku_S4FJ02_280x320_0.jpg"],"PRO_FLAG":0,"PRICE":16.5,"CUSTOM_PALETTE_SMALL_IMAGE":null,"isLimitedRemaining":0,"formattedPrice2":"\u00a316.50 ","formattedUnitPrice":"","FLASH_DESC":null,"PRODUCT_CODE":"S4FJ02","isShoppable":1,"IMAGE_COLLECTION":"\/media\/export\/cms\/products\/collection\/mac_collection_S4FJ02.jpg","IMAGE_SMOOSH":"\/media\/export\/cms\/products\/smoosh\/mac_smoosh_S4FJ02.jpg","UNDERTONE":null,"isOrderable":1,"USE_WITH":null,"SKU_ID":"SKU77379","FINISH":null,"PRODUCT_FORM":null,"SKU_MULTISHADED_IMAGE":"\/media\/export\/cms\/products\/smoosh\/mac_smoosh_S4FJ02.jpg","worksWith":null,"formattedPrice":"\u00a316.50 ","SKU_MULTISHADED_IMAGE_HOVER":"\/media\/export\/cms\/products\/smoosh\/mac_smoosh_S4FJ02_1.jpg","PARENT_CAT_ID":"CAT13838","PRODUCT_ID":"PROD46277","CUSTOM_PALETTE_MEDIUM_IMAGE":null,"CUSTOM_PALETTE_LARGE_IMAGE":null,"SKU_NOTES":null,"PRODUCT_SIZE":"1.6 g","DEFAULT_SKU":0,"INTENSITY":null,"SHADE_DESCRIPTION":"Deep purple plum","PRODUCT_TYPE":null,"INVENTORY_STATUS":1,"SMALL_IMAGE":"\/media\/export\/cms\/products\/124x163\/mac_sku_S4FJ02_124x163_0.jpg","PRICE_CHANGE_DATE":null,"ATTRIBUTE_COLOR_FAMILY":null,"SHADENAME":"Flourish Me Beautiful","isComingSoon":0,"RESTRICT_GROUP":null,"COVERAGE":null,"HEX_VALUE_STRING":"#694c5d","FIBRE":null,"path":"CAT13838PROD46277SKU77379","SKU_BASE_ID":77379,"FUTURE_PRICE":16.5,"DISPLAY_ORDER":0,"REFILLABLE":0,"AREA_OF_FACE":null,"USE":null,"PRICE2":null,"DISPLAY_STATUS":7}],"PRODUCT_TYPE":1,"IS_MULTISHADED":null,"FORMULA":null,"SMALL_IMAGE":"\/media\/export\/cms\/products\/124x163\/mac_sku_S4FJ01_124x163_0.jpg","AVERAGE_RATING_ROUNDED":null,"RESTRICT_GROUP":null,"PROD_RGN_SUBHEADING":null,"RECOMMENDED_PERCENT":null,"SHORT_DESC":"An eye liner that can be applied in the waterline for bold, saturated colour in one easy swipe.","path":"CAT13838PROD46277","RECOMMENDED_COUNT":null,"shaded":1,"DISPLAY_STATUS":7,"buildCanonicalURL":"\/product\/13838\/46277\/products\/makeup\/eyes\/liner\/kajal-crayon-diane-kendal","ONLY_RATINGS_COUNT":null,"sku_as_product":true,"defaultSku":{"LARGE_IMAGE":["\/media\/export\/cms\/products\/640x600\/mac_sku_S4FJ01_640x600_0.jpg","\/media\/export\/cms\/products\/640x600\/mac_sku_S4FJ01_640x600_1.jpg"],"highVelocityQty":-1,"LIFE_OF_PRODUCT":1,"MEDIUM_IMAGE":"\/media\/export\/cms\/products\/280x320\/mac_sku_S4FJ01_280x320_0.jpg","PRO_FLAG":0,"PRICE":16.5,"CUSTOM_PALETTE_SMALL_IMAGE":null,"isLimitedRemaining":0,"formattedPrice2":"\u00a316.50 ","formattedUnitPrice":"","FLASH_DESC":null,"PRODUCT_CODE":"S4FJ01","isShoppable":0,"IMAGE_COLLECTION":"\/media\/export\/cms\/products\/collection\/mac_collection_S4FJ01.jpg","IMAGE_SMOOSH":"\/media\/export\/cms\/products\/smoosh\/mac_smoosh_S4FJ01.jpg","UNDERTONE":null,"isOrderable":0,"USE_WITH":null,"SKU_ID":"SKU77377","FINISH":null,"PRODUCT_FORM":null,"SKU_MULTISHADED_IMAGE":"\/media\/export\/cms\/products\/smoosh\/mac_smoosh_S4FJ01.jpg","worksWith":null,"formattedPrice":"\u00a316.50 ","SKU_MULTISHADED_IMAGE_HOVER":"\/media\/export\/cms\/products\/smoosh\/mac_smoosh_S4FJ01_1.jpg","PARENT_CAT_ID":"CAT13838","PRODUCT_ID":"PROD46277","CUSTOM_PALETTE_MEDIUM_IMAGE":null,"CUSTOM_PALETTE_LARGE_IMAGE":null,"SKU_NOTES":null,"PRODUCT_SIZE":"1.6 g","DEFAULT_SKU":0,"INTENSITY":null,"SHADE_DESCRIPTION":"Rich black","PRODUCT_TYPE":null,"INVENTORY_STATUS":7,"SMALL_IMAGE":"\/media\/export\/cms\/products\/124x163\/mac_sku_S4FJ01_124x163_0.jpg","PRICE_CHANGE_DATE":null,"ATTRIBUTE_COLOR_FAMILY":null,"SHADENAME":"Flourish Me Deep","isComingSoon":0,"RESTRICT_GROUP":null,"COVERAGE":null,"HEX_VALUE_STRING":"#393939","FIBRE":null,"path":"CAT13838PROD46277SKU77377","SKU_BASE_ID":77377,"FUTURE_PRICE":16.5,"DISPLAY_ORDER":0,"REFILLABLE":0,"AREA_OF_FACE":null,"USE":null,"PRICE2":null,"DISPLAY_STATUS":7},"qs_shade_route":"#\/shade\/Flourish_Me_Deep","sku_count":4,"spp_show_shade_filter":true,"single_shade":false},{"NAME_SHORT":null,"LARGE_IMAGE":["\/media\/export\/cms\/products\/640x600\/mac_sku_S4FE01_640x600_0.jpg"],"AVERAGE_RATING_PERCENT":null,"PRODUCT_BUZZWORDS":"Cream Formula, Multi-Use, Portable","MEDIUM_IMAGE":"\/media\/export\/cms\/products\/280x320\/mac_sku_S4FE01_280x320_0.jpg","PRO_FLAG":0,"CUSTOM_PALETTE_SMALL_IMAGE":null,"CLAIMS":"\u003Cul\u003E\u003Cli\u003E Blendable \u003C\/li\u003E\u003Cli\u003E Provides instant and long-term hydration \u003C\/li\u003E\u003Cli\u003E Features a non-sticky and non-tacky formula \u003C\/li\u003E\u003Cli\u003E Dermatologist tested \u003C\/li\u003E\u003Cli\u003E Non-acnegenic \u003C\/li\u003E\u003Cli\u003E For all skin types \u003C\/li\u003E\u003C\/ul\u003E","url":"\/product\/13845\/46275\/products\/makeup\/face\/face-kits\/casual-colour-lip-cheek-colour-x-6-enhance-me","category":{"CAT_BASE_ID":13845,"BREADCRUMB_MENU_CAT_ID":null,"url":"\/products\/13845\/products\/makeup\/face\/face-kits","DESCRIPTION":null,"CATEGORY_ID":"CAT13845","CATEGORY_NAME":"Face Kits","ROOTS1":null},"RATING_IMAGE":"\/images\/global\/transparent.gif","isShoppable":1,"IMAGE_COLLECTION":"\/media\/export\/cms\/products\/collection\/mac_collection_S4FE01.jpg","IMAGE_SMOOSH":"\/media\/export\/cms\/products\/smoosh\/mac_smoosh_S4FE01.jpg","PRODUCT_USAGE":"Apply directly to lips or cheeks using fingertips or brush applicator.","AVERAGE_RATING":null,"RATING_RANGE":null,"TOTAL_REVIEW_COUNT":null,"DEFAULT_CAT_ID":"CAT13845","worksWithSkuIds":["SKU77383","SKU77384","SKU77386","SKU77381","SKU77382","SKU77376"],"DESCRIPTION":"Six Casual Colour shades in one palette. This lightweight formula feels like you\u0027re wearing nothing at all. Creamy, comfortable texture hydrates lips and cheeks. Emollient ingredients add extra skin-conditioning benefits. Dewy formula leaves skin illuminated with a healthy glow. Custom packaging in matte black with Diane\u2019s signature in gold.","worksWith":["PROD46279","PROD46280","PROD46281","PROD46277","PROD46278","PROD46276"],"AWARD_1":null,"PARENT_CAT_ID":"CAT13845","PRODUCT_ID":"PROD46275","palette":1,"CUSTOM_PALETTE_MEDIUM_IMAGE":null,"CUSTOM_PALETTE_LARGE_IMAGE":null,"PROD_BASE_ID":46275,"PROD_RGN_NAME":"Casual Colour Lip \u0026 Cheek Colour X 6: Enhance Me","SUB_LINE":null,"sized":0,"skus":[{"LARGE_IMAGE":["\/media\/export\/cms\/products\/640x600\/mac_sku_S4FE01_640x600_0.jpg","\/media\/export\/cms\/products\/640x600\/mac_sku_S4FE01_640x600_1.jpg"],"highVelocityQty":-1,"LIFE_OF_PRODUCT":1,"MEDIUM_IMAGE":["\/media\/export\/cms\/products\/280x320\/mac_sku_S4FE01_280x320_0.jpg"],"PRO_FLAG":0,"PRICE":36,"CUSTOM_PALETTE_SMALL_IMAGE":null,"isLimitedRemaining":0,"formattedPrice2":"\u00a336.00 ","formattedUnitPrice":"\u00a360.00  \/ 10g","FLASH_DESC":null,"PRODUCT_CODE":"S4FE01","isShoppable":1,"IMAGE_COLLECTION":"\/media\/export\/cms\/products\/collection\/mac_collection_S4FE01.jpg","IMAGE_SMOOSH":"\/media\/export\/cms\/products\/smoosh\/mac_smoosh_S4FE01.jpg","UNDERTONE":null,"isOrderable":1,"USE_WITH":null,"SKU_ID":"SKU77375","FINISH":null,"PRODUCT_FORM":null,"SKU_MULTISHADED_IMAGE":"\/media\/export\/cms\/products\/smoosh\/mac_smoosh_S4FE01.jpg","worksWith":null,"formattedPrice":"\u00a336.00 ","SKU_MULTISHADED_IMAGE_HOVER":"\/media\/export\/cms\/products\/smoosh\/mac_smoosh_S4FE01_1.jpg","PARENT_CAT_ID":"CAT13845","PRODUCT_ID":"PROD46275","CUSTOM_PALETTE_MEDIUM_IMAGE":null,"CUSTOM_PALETTE_LARGE_IMAGE":null,"SKU_NOTES":"\u003Cul\u003E\u003Cli\u003EValiant : Light pinky nude\u003C\/li\u003E\u003Cli\u003EMarvelous : Deep pinky beige\u003C\/li\u003E\u003Cli\u003EHeavenly : Bright midtone bluish pink\u003C\/li\u003E\u003Cli\u003EContrary : Bright red orange\u003C\/li\u003E\u003Cli\u003EFiery : Deep scarlet red\u003C\/li\u003E\u003Cli\u003EPetulant : Deep reddish brown\u003C\/li\u003E\u003C\/ul\u003E","PRODUCT_SIZE":"6 g","DEFAULT_SKU":0,"INTENSITY":null,"SHADE_DESCRIPTION":null,"PRODUCT_TYPE":null,"INVENTORY_STATUS":1,"SMALL_IMAGE":"\/media\/export\/cms\/products\/124x163\/mac_sku_S4FE01_124x163_0.jpg","PRICE_CHANGE_DATE":null,"ATTRIBUTE_COLOR_FAMILY":null,"SHADENAME":null,"isComingSoon":0,"RESTRICT_GROUP":null,"COVERAGE":null,"HEX_VALUE_STRING":"#f1a08d","FIBRE":null,"path":"CAT13845PROD46275SKU77375","SKU_BASE_ID":77375,"FUTURE_PRICE":36,"DISPLAY_ORDER":0,"REFILLABLE":0,"AREA_OF_FACE":null,"USE":null,"PRICE2":null,"DISPLAY_STATUS":7}],"PRODUCT_TYPE":3,"IS_MULTISHADED":null,"FORMULA":null,"SMALL_IMAGE":"\/media\/export\/cms\/products\/124x163\/mac_sku_S4FE01_124x163_0.jpg","AVERAGE_RATING_ROUNDED":null,"RESTRICT_GROUP":null,"PROD_RGN_SUBHEADING":null,"RECOMMENDED_PERCENT":null,"SHORT_DESC":"A creamy, emollient formula for lips and cheeks in a palette of six shades.","path":"CAT13845PROD46275","RECOMMENDED_COUNT":null,"shaded":0,"DISPLAY_STATUS":7,"buildCanonicalURL":"\/product\/13845\/46275\/products\/makeup\/face\/face-kits\/casual-colour-lip-cheek-colour-x-6-enhance-me","ONLY_RATINGS_COUNT":null,"sku_as_product":true,"defaultSku":{"LARGE_IMAGE":["\/media\/export\/cms\/products\/640x600\/mac_sku_S4FE01_640x600_0.jpg","\/media\/export\/cms\/products\/640x600\/mac_sku_S4FE01_640x600_1.jpg"],"highVelocityQty":-1,"LIFE_OF_PRODUCT":1,"MEDIUM_IMAGE":"\/media\/export\/cms\/products\/280x320\/mac_sku_S4FE01_280x320_0.jpg","PRO_FLAG":0,"PRICE":36,"CUSTOM_PALETTE_SMALL_IMAGE":null,"isLimitedRemaining":0,"formattedPrice2":"\u00a336.00 ","formattedUnitPrice":"\u00a360.00  \/ 10g","FLASH_DESC":null,"PRODUCT_CODE":"S4FE01","isShoppable":1,"IMAGE_COLLECTION":"\/media\/export\/cms\/products\/collection\/mac_collection_S4FE01.jpg","IMAGE_SMOOSH":"\/media\/export\/cms\/products\/smoosh\/mac_smoosh_S4FE01.jpg","UNDERTONE":null,"isOrderable":1,"USE_WITH":null,"SKU_ID":"SKU77375","FINISH":null,"PRODUCT_FORM":null,"SKU_MULTISHADED_IMAGE":"\/media\/export\/cms\/products\/smoosh\/mac_smoosh_S4FE01.jpg","worksWith":null,"formattedPrice":"\u00a336.00 ","SKU_MULTISHADED_IMAGE_HOVER":"\/media\/export\/cms\/products\/smoosh\/mac_smoosh_S4FE01_1.jpg","PARENT_CAT_ID":"CAT13845","PRODUCT_ID":"PROD46275","CUSTOM_PALETTE_MEDIUM_IMAGE":null,"CUSTOM_PALETTE_LARGE_IMAGE":null,"SKU_NOTES":"\u003Cul\u003E\u003Cli\u003EValiant : Light pinky nude\u003C\/li\u003E\u003Cli\u003EMarvelous : Deep pinky beige\u003C\/li\u003E\u003Cli\u003EHeavenly : Bright midtone bluish pink\u003C\/li\u003E\u003Cli\u003EContrary : Bright red orange\u003C\/li\u003E\u003Cli\u003EFiery : Deep scarlet red\u003C\/li\u003E\u003Cli\u003EPetulant : Deep reddish brown\u003C\/li\u003E\u003C\/ul\u003E","PRODUCT_SIZE":"6 g","DEFAULT_SKU":0,"INTENSITY":null,"SHADE_DESCRIPTION":null,"PRODUCT_TYPE":null,"INVENTORY_STATUS":1,"SMALL_IMAGE":"\/media\/export\/cms\/products\/124x163\/mac_sku_S4FE01_124x163_0.jpg","PRICE_CHANGE_DATE":null,"ATTRIBUTE_COLOR_FAMILY":null,"SHADENAME":null,"isComingSoon":0,"RESTRICT_GROUP":null,"COVERAGE":null,"HEX_VALUE_STRING":"#f1a08d","FIBRE":null,"path":"CAT13845PROD46275SKU77375","SKU_BASE_ID":77375,"FUTURE_PRICE":36,"DISPLAY_ORDER":0,"REFILLABLE":0,"AREA_OF_FACE":null,"USE":null,"PRICE2":null,"DISPLAY_STATUS":7}},{"NAME_SHORT":null,"LARGE_IMAGE":["\/media\/export\/cms\/products\/640x600\/mac_sku_S4FG01_640x600_0.jpg"],"AVERAGE_RATING_PERCENT":null,"PRODUCT_BUZZWORDS":"8-Hour Wear, Non-Creasing, Limited Edition","MEDIUM_IMAGE":"\/media\/export\/cms\/products\/280x320\/mac_sku_S4FG01_280x320_0.jpg","PRO_FLAG":0,"CUSTOM_PALETTE_SMALL_IMAGE":null,"CLAIMS":"\u003Cul\u003E\u003Cli\u003E Long-wearing, eight hours \u003C\/li\u003E\u003Cli\u003E Crease-proof, eight hours \u003C\/li\u003E\u003Cli\u003E Provides stay-true colour, eight hours \u003C\/li\u003E\u003Cli\u003E Dermatologist tested \u003C\/li\u003E\u003Cli\u003E Ophthalmologist tested \u003C\/li\u003E\u003Cli\u003E Non-acnegenic \u003C\/li\u003E\u003C\/ul\u003E","url":"\/product\/13844\/46279\/products\/makeup\/face\/concealer\/mac-studio-conceal-correct-x-6-cover-me","category":{"CAT_BASE_ID":13844,"BREADCRUMB_MENU_CAT_ID":null,"url":"\/products\/13844\/products\/makeup\/face\/concealer","DESCRIPTION":null,"CATEGORY_ID":"CAT13844","CATEGORY_NAME":"Concealer","ROOTS1":null},"RATING_IMAGE":"\/images\/global\/transparent.gif","isShoppable":1,"IMAGE_COLLECTION":"\/media\/export\/cms\/products\/collection\/mac_collection_S4FG01.jpg","IMAGE_SMOOSH":"\/media\/export\/cms\/products\/smoosh\/mac_smoosh_S4FG01.jpg","PRODUCT_USAGE":"\u003Cul\u003E\u003Cli\u003E Apply to skin directly with finger or concealer brush and blend. \u003C\/il\u003E\u003C\/ul\u003E","AVERAGE_RATING":null,"RATING_RANGE":null,"TOTAL_REVIEW_COUNT":null,"DEFAULT_CAT_ID":"CAT13844","worksWithSkuIds":["SKU77385","SKU77386","SKU77375","SKU77377","SKU77382","SKU77376"],"DESCRIPTION":"A professional palette of six concealers in shades from light to dark. Enriched with antioxidants and suited for all skin types, they can be used individually or combined to match any skin tone. Emollient-based formula delivers medium-to-full buildable coverage in a natural finish. Helps to correct uneven skin tone and conceal dark circles, blemishes, moles and birthmarks. Custom packaging in matte black with Diane\u2019s signature in gold.","worksWith":["PROD46280","PROD46281","PROD46275","PROD46277","PROD46278","PROD46276"],"AWARD_1":null,"PARENT_CAT_ID":"CAT13844","PRODUCT_ID":"PROD46279","palette":1,"CUSTOM_PALETTE_MEDIUM_IMAGE":null,"CUSTOM_PALETTE_LARGE_IMAGE":null,"PROD_BASE_ID":46279,"PROD_RGN_NAME":"M\u00b7A\u00b7C Studio Conceal \u0026 Correct X 6: Cover Me","SUB_LINE":null,"sized":0,"skus":[{"LARGE_IMAGE":["\/media\/export\/cms\/products\/640x600\/mac_sku_S4FG01_640x600_0.jpg","\/media\/export\/cms\/products\/640x600\/mac_sku_S4FG01_640x600_1.jpg"],"highVelocityQty":-1,"LIFE_OF_PRODUCT":1,"MEDIUM_IMAGE":["\/media\/export\/cms\/products\/280x320\/mac_sku_S4FG01_280x320_0.jpg"],"PRO_FLAG":0,"PRICE":36,"CUSTOM_PALETTE_SMALL_IMAGE":null,"isLimitedRemaining":0,"formattedPrice2":"\u00a336.00 ","formattedUnitPrice":"\u00a360.00  \/ 10g","FLASH_DESC":null,"PRODUCT_CODE":"S4FG01","isShoppable":1,"IMAGE_COLLECTION":"\/media\/export\/cms\/products\/collection\/mac_collection_S4FG01.jpg","IMAGE_SMOOSH":"\/media\/export\/cms\/products\/smoosh\/mac_smoosh_S4FG01.jpg","UNDERTONE":null,"isOrderable":1,"USE_WITH":null,"SKU_ID":"SKU77383","FINISH":null,"PRODUCT_FORM":null,"SKU_MULTISHADED_IMAGE":"\/media\/export\/cms\/products\/smoosh\/mac_smoosh_S4FG01.jpg","worksWith":null,"formattedPrice":"\u00a336.00 ","SKU_MULTISHADED_IMAGE_HOVER":"\/media\/export\/cms\/products\/smoosh\/mac_smoosh_S4FG01_1.jpg","PARENT_CAT_ID":"CAT13844","PRODUCT_ID":"PROD46279","CUSTOM_PALETTE_MEDIUM_IMAGE":null,"CUSTOM_PALETTE_LARGE_IMAGE":null,"SKU_NOTES":null,"PRODUCT_SIZE":"6 g","DEFAULT_SKU":0,"INTENSITY":null,"SHADE_DESCRIPTION":null,"PRODUCT_TYPE":null,"INVENTORY_STATUS":1,"SMALL_IMAGE":"\/media\/export\/cms\/products\/124x163\/mac_sku_S4FG01_124x163_0.jpg","PRICE_CHANGE_DATE":null,"ATTRIBUTE_COLOR_FAMILY":null,"SHADENAME":"Cover Me","isComingSoon":0,"RESTRICT_GROUP":null,"COVERAGE":null,"HEX_VALUE_STRING":"#f1c79f","FIBRE":null,"path":"CAT13844PROD46279SKU77383","SKU_BASE_ID":77383,"FUTURE_PRICE":36,"DISPLAY_ORDER":0,"REFILLABLE":0,"AREA_OF_FACE":null,"USE":null,"PRICE2":null,"DISPLAY_STATUS":7}],"PRODUCT_TYPE":3,"IS_MULTISHADED":null,"FORMULA":null,"SMALL_IMAGE":"\/media\/export\/cms\/products\/124x163\/mac_sku_S4FG01_124x163_0.jpg","AVERAGE_RATING_ROUNDED":null,"RESTRICT_GROUP":null,"PROD_RGN_SUBHEADING":null,"RECOMMENDED_PERCENT":null,"SHORT_DESC":"A limited-edition palette with six concealers to match any skin tone.","path":"CAT13844PROD46279","RECOMMENDED_COUNT":null,"shaded":0,"DISPLAY_STATUS":7,"buildCanonicalURL":"\/product\/13844\/46279\/products\/makeup\/face\/concealer\/mac-studio-conceal-correct-x-6-cover-me","ONLY_RATINGS_COUNT":null,"sku_as_product":true,"defaultSku":{"LARGE_IMAGE":["\/media\/export\/cms\/products\/640x600\/mac_sku_S4FG01_640x600_0.jpg","\/media\/export\/cms\/products\/640x600\/mac_sku_S4FG01_640x600_1.jpg"],"highVelocityQty":-1,"LIFE_OF_PRODUCT":1,"MEDIUM_IMAGE":"\/media\/export\/cms\/products\/280x320\/mac_sku_S4FG01_280x320_0.jpg","PRO_FLAG":0,"PRICE":36,"CUSTOM_PALETTE_SMALL_IMAGE":null,"isLimitedRemaining":0,"formattedPrice2":"\u00a336.00 ","formattedUnitPrice":"\u00a360.00  \/ 10g","FLASH_DESC":null,"PRODUCT_CODE":"S4FG01","isShoppable":1,"IMAGE_COLLECTION":"\/media\/export\/cms\/products\/collection\/mac_collection_S4FG01.jpg","IMAGE_SMOOSH":"\/media\/export\/cms\/products\/smoosh\/mac_smoosh_S4FG01.jpg","UNDERTONE":null,"isOrderable":1,"USE_WITH":null,"SKU_ID":"SKU77383","FINISH":null,"PRODUCT_FORM":null,"SKU_MULTISHADED_IMAGE":"\/media\/export\/cms\/products\/smoosh\/mac_smoosh_S4FG01.jpg","worksWith":null,"formattedPrice":"\u00a336.00 ","SKU_MULTISHADED_IMAGE_HOVER":"\/media\/export\/cms\/products\/smoosh\/mac_smoosh_S4FG01_1.jpg","PARENT_CAT_ID":"CAT13844","PRODUCT_ID":"PROD46279","CUSTOM_PALETTE_MEDIUM_IMAGE":null,"CUSTOM_PALETTE_LARGE_IMAGE":null,"SKU_NOTES":null,"PRODUCT_SIZE":"6 g","DEFAULT_SKU":0,"INTENSITY":null,"SHADE_DESCRIPTION":null,"PRODUCT_TYPE":null,"INVENTORY_STATUS":1,"SMALL_IMAGE":"\/media\/export\/cms\/products\/124x163\/mac_sku_S4FG01_124x163_0.jpg","PRICE_CHANGE_DATE":null,"ATTRIBUTE_COLOR_FAMILY":null,"SHADENAME":"Cover Me","isComingSoon":0,"RESTRICT_GROUP":null,"COVERAGE":null,"HEX_VALUE_STRING":"#f1c79f","FIBRE":null,"path":"CAT13844PROD46279SKU77383","SKU_BASE_ID":77383,"FUTURE_PRICE":36,"DISPLAY_ORDER":0,"REFILLABLE":0,"AREA_OF_FACE":null,"USE":null,"PRICE2":null,"DISPLAY_STATUS":7}},{"NAME_SHORT":null,"LARGE_IMAGE":["\/media\/export\/cms\/products\/640x600\/mac_sku_S4G901_640x600_0.jpg"],"AVERAGE_RATING_PERCENT":null,"PRODUCT_BUZZWORDS":"Double-Ended, Multi-Use, Limited Edition","MEDIUM_IMAGE":"\/media\/export\/cms\/products\/280x320\/mac_sku_S4G901_280x320_0.jpg","PRO_FLAG":0,"CUSTOM_PALETTE_SMALL_IMAGE":null,"CLAIMS":"\u003Cul\u003E\u003Cli\u003E For all skin types \u003C\/li\u003E\u003Cli\u003E Non-acnegenic \u003C\/li\u003E\u003Cli\u003E Dermatologist tested \u003C\/li\u003E\u003C\/ul\u003E","url":"\/product\/13848\/46280\/products\/makeup\/face\/multi-use\/studio-quiktrik-stick-diane-kendal","category":{"CAT_BASE_ID":13848,"BREADCRUMB_MENU_CAT_ID":null,"url":"\/products\/13848\/products\/makeup\/face\/multi-use","DESCRIPTION":null,"CATEGORY_ID":"CAT13848","CATEGORY_NAME":"Multi-Use","ROOTS1":null},"RATING_IMAGE":"\/images\/global\/transparent.gif","isShoppable":1,"IMAGE_COLLECTION":"\/media\/export\/cms\/products\/collection\/mac_collection_S4G901.jpg","IMAGE_SMOOSH":"\/media\/export\/cms\/products\/smoosh\/mac_smoosh_S4G901.jpg","PRODUCT_USAGE":"\u003Cul\u003E\u003Cli\u003E Glide directly on skin and blend using the 164 Duo Fibre Curved Sculpting Brush, sponge or fingertips. \u003C\/li\u003E\u003Cli\u003E Can be worn over bare skin or foundation. \u003C\/li\u003E\u003C\/ul\u003E","AVERAGE_RATING":null,"RATING_RANGE":null,"TOTAL_REVIEW_COUNT":null,"DEFAULT_CAT_ID":"CAT13848","worksWithSkuIds":["SKU77386","SKU77383","SKU77379","SKU77375","SKU77384"],"DESCRIPTION":"For highlighting, contouring or bronzing \u2013 double-ended, multi-use sticks in two shades to enhance your look. The creamy, sheer formula provides subtle yet buildable colour. Custom packaging in black with Diane\u2019s signature in gold.","worksWith":["PROD46281","PROD46279","PROD46277","PROD46275","PROD46280"],"AWARD_1":null,"PARENT_CAT_ID":"CAT13848","PRODUCT_ID":"PROD46280","palette":0,"CUSTOM_PALETTE_MEDIUM_IMAGE":null,"CUSTOM_PALETTE_LARGE_IMAGE":null,"PROD_BASE_ID":46280,"PROD_RGN_NAME":"Studio QuikTrik Stick \/ Diane Kendal","SUB_LINE":null,"sized":0,"skus":[{"LARGE_IMAGE":["\/media\/export\/cms\/products\/640x600\/mac_sku_S4G901_640x600_0.jpg"],"highVelocityQty":-1,"LIFE_OF_PRODUCT":1,"MEDIUM_IMAGE":["\/media\/export\/cms\/products\/280x320\/mac_sku_S4G901_280x320_0.jpg"],"PRO_FLAG":0,"PRICE":27,"CUSTOM_PALETTE_SMALL_IMAGE":null,"isLimitedRemaining":0,"formattedPrice2":"\u00a327.00 ","formattedUnitPrice":"\u00a322.50  \/ 10g","FLASH_DESC":null,"PRODUCT_CODE":"S4G901","isShoppable":1,"IMAGE_COLLECTION":"\/media\/export\/cms\/products\/collection\/mac_collection_S4G901.jpg","IMAGE_SMOOSH":"\/media\/export\/cms\/products\/smoosh\/mac_smoosh_S4G901.jpg","UNDERTONE":null,"isOrderable":1,"USE_WITH":null,"SKU_ID":"SKU77384","FINISH":null,"PRODUCT_FORM":null,"SKU_MULTISHADED_IMAGE":"\/media\/export\/cms\/products\/smoosh\/mac_smoosh_S4G901.jpg","worksWith":null,"formattedPrice":"\u00a327.00 ","SKU_MULTISHADED_IMAGE_HOVER":"\/media\/export\/cms\/products\/smoosh\/mac_smoosh_S4G901_1.jpg","PARENT_CAT_ID":"CAT13848","PRODUCT_ID":"PROD46280","CUSTOM_PALETTE_MEDIUM_IMAGE":null,"CUSTOM_PALETTE_LARGE_IMAGE":null,"SKU_NOTES":null,"PRODUCT_SIZE":"12 g","DEFAULT_SKU":0,"INTENSITY":null,"SHADE_DESCRIPTION":"Pure white pearl \/ Matte midtone neutral brown","PRODUCT_TYPE":null,"INVENTORY_STATUS":1,"SMALL_IMAGE":"\/media\/export\/cms\/products\/124x163\/mac_sku_S4G901_124x163_0.jpg","PRICE_CHANGE_DATE":null,"ATTRIBUTE_COLOR_FAMILY":null,"SHADENAME":"Radiance \/ Shadow","isComingSoon":0,"RESTRICT_GROUP":null,"COVERAGE":null,"HEX_VALUE_STRING":"#7d5440","FIBRE":null,"path":"CAT13848PROD46280SKU77384","SKU_BASE_ID":77384,"FUTURE_PRICE":27,"DISPLAY_ORDER":0,"REFILLABLE":0,"AREA_OF_FACE":null,"USE":null,"PRICE2":null,"DISPLAY_STATUS":7},{"LARGE_IMAGE":["\/media\/export\/cms\/products\/640x600\/mac_sku_S4G902_640x600_0.jpg"],"highVelocityQty":-1,"LIFE_OF_PRODUCT":1,"MEDIUM_IMAGE":["\/media\/export\/cms\/products\/280x320\/mac_sku_S4G902_280x320_0.jpg"],"PRO_FLAG":0,"PRICE":27,"CUSTOM_PALETTE_SMALL_IMAGE":null,"isLimitedRemaining":0,"formattedPrice2":"\u00a327.00 ","formattedUnitPrice":"\u00a322.50  \/ 10g","FLASH_DESC":null,"PRODUCT_CODE":"S4G902","isShoppable":1,"IMAGE_COLLECTION":"\/media\/export\/cms\/products\/collection\/mac_collection_S4G902.jpg","IMAGE_SMOOSH":"\/media\/export\/cms\/products\/smoosh\/mac_smoosh_S4G902.jpg","UNDERTONE":null,"isOrderable":1,"USE_WITH":null,"SKU_ID":"SKU77385","FINISH":null,"PRODUCT_FORM":null,"SKU_MULTISHADED_IMAGE":"\/media\/export\/cms\/products\/smoosh\/mac_smoosh_S4G902.jpg","worksWith":null,"formattedPrice":"\u00a327.00 ","SKU_MULTISHADED_IMAGE_HOVER":"\/media\/export\/cms\/products\/smoosh\/mac_smoosh_S4G902_1.jpg","PARENT_CAT_ID":"CAT13848","PRODUCT_ID":"PROD46280","CUSTOM_PALETTE_MEDIUM_IMAGE":null,"CUSTOM_PALETTE_LARGE_IMAGE":null,"SKU_NOTES":null,"PRODUCT_SIZE":"12 g","DEFAULT_SKU":0,"INTENSITY":null,"SHADE_DESCRIPTION":"Very light pinkish champagne shimmer \/ Matte deep warm brown","PRODUCT_TYPE":null,"INVENTORY_STATUS":1,"SMALL_IMAGE":"\/media\/export\/cms\/products\/124x163\/mac_sku_S4G902_124x163_0.jpg","PRICE_CHANGE_DATE":null,"ATTRIBUTE_COLOR_FAMILY":null,"SHADENAME":"Sheen \/ Smoldering","isComingSoon":0,"RESTRICT_GROUP":null,"COVERAGE":null,"HEX_VALUE_STRING":"#46291f","FIBRE":null,"path":"CAT13848PROD46280SKU77385","SKU_BASE_ID":77385,"FUTURE_PRICE":27,"DISPLAY_ORDER":0,"REFILLABLE":0,"AREA_OF_FACE":null,"USE":null,"PRICE2":null,"DISPLAY_STATUS":7}],"PRODUCT_TYPE":1,"IS_MULTISHADED":null,"FORMULA":null,"SMALL_IMAGE":"\/media\/export\/cms\/products\/124x163\/mac_sku_S4G901_124x163_0.jpg","AVERAGE_RATING_ROUNDED":null,"RESTRICT_GROUP":null,"PROD_RGN_SUBHEADING":null,"RECOMMENDED_PERCENT":null,"SHORT_DESC":"A limited-edition double-ended, multi-use stick for highlighting, contouring or bronzing.","path":"CAT13848PROD46280","RECOMMENDED_COUNT":null,"shaded":1,"DISPLAY_STATUS":7,"buildCanonicalURL":"\/product\/13848\/46280\/products\/makeup\/face\/multi-use\/studio-quiktrik-stick-diane-kendal","ONLY_RATINGS_COUNT":null,"sku_as_product":true,"defaultSku":{"LARGE_IMAGE":["\/media\/export\/cms\/products\/640x600\/mac_sku_S4G902_640x600_0.jpg"],"highVelocityQty":-1,"LIFE_OF_PRODUCT":1,"MEDIUM_IMAGE":"\/media\/export\/cms\/products\/280x320\/mac_sku_S4G902_280x320_0.jpg","PRO_FLAG":0,"PRICE":27,"CUSTOM_PALETTE_SMALL_IMAGE":null,"isLimitedRemaining":0,"formattedPrice2":"\u00a327.00 ","formattedUnitPrice":"\u00a322.50  \/ 10g","FLASH_DESC":null,"PRODUCT_CODE":"S4G902","isShoppable":1,"IMAGE_COLLECTION":"\/media\/export\/cms\/products\/collection\/mac_collection_S4G902.jpg","IMAGE_SMOOSH":"\/media\/export\/cms\/products\/smoosh\/mac_smoosh_S4G902.jpg","UNDERTONE":null,"isOrderable":1,"USE_WITH":null,"SKU_ID":"SKU77385","FINISH":null,"PRODUCT_FORM":null,"SKU_MULTISHADED_IMAGE":"\/media\/export\/cms\/products\/smoosh\/mac_smoosh_S4G902.jpg","worksWith":null,"formattedPrice":"\u00a327.00 ","SKU_MULTISHADED_IMAGE_HOVER":"\/media\/export\/cms\/products\/smoosh\/mac_smoosh_S4G902_1.jpg","PARENT_CAT_ID":"CAT13848","PRODUCT_ID":"PROD46280","CUSTOM_PALETTE_MEDIUM_IMAGE":null,"CUSTOM_PALETTE_LARGE_IMAGE":null,"SKU_NOTES":null,"PRODUCT_SIZE":"12 g","DEFAULT_SKU":0,"INTENSITY":null,"SHADE_DESCRIPTION":"Very light pinkish champagne shimmer \/ Matte deep warm brown","PRODUCT_TYPE":null,"INVENTORY_STATUS":1,"SMALL_IMAGE":"\/media\/export\/cms\/products\/124x163\/mac_sku_S4G902_124x163_0.jpg","PRICE_CHANGE_DATE":null,"ATTRIBUTE_COLOR_FAMILY":null,"SHADENAME":"Sheen \/ Smoldering","isComingSoon":0,"RESTRICT_GROUP":null,"COVERAGE":null,"HEX_VALUE_STRING":"#46291f","FIBRE":null,"path":"CAT13848PROD46280SKU77385","SKU_BASE_ID":77385,"FUTURE_PRICE":27,"DISPLAY_ORDER":0,"REFILLABLE":0,"AREA_OF_FACE":null,"USE":null,"PRICE2":null,"DISPLAY_STATUS":7},"qs_shade_route":"#\/shade\/Sheen_\/_Smoldering","sku_count":2,"spp_show_shade_filter":true,"single_shade":false},{"NAME_SHORT":null,"LARGE_IMAGE":["\/media\/export\/cms\/products\/640x600\/mac_sku_S4FK01_640x600_0.jpg"],"AVERAGE_RATING_PERCENT":null,"PRODUCT_BUZZWORDS":"For Powders\/Creams, Paddle-Shaped, Special Edition","MEDIUM_IMAGE":"\/media\/export\/cms\/products\/280x320\/mac_sku_S4FK01_280x320_0.jpg","PRO_FLAG":0,"CUSTOM_PALETTE_SMALL_IMAGE":null,"CLAIMS":null,"url":"\/product\/13804\/46281\/products\/brushes-tools\/brushes\/eye-brushes\/230se-multipurpose-detailing-brush-diane-kendal","category":{"CAT_BASE_ID":13804,"BREADCRUMB_MENU_CAT_ID":null,"url":"\/products\/13804\/products\/brushes-tools\/brushes\/eye-brushes","DESCRIPTION":null,"CATEGORY_ID":"CAT13804","CATEGORY_NAME":"Eye Brushes","ROOTS1":null},"RATING_IMAGE":"\/images\/global\/transparent.gif","isShoppable":0,"IMAGE_COLLECTION":"\/media\/export\/cms\/products\/collection\/mac_collection_S4FK01.jpg","IMAGE_SMOOSH":"\/media\/export\/cms\/products\/smoosh\/mac_smoosh_S4FK01.jpg","PRODUCT_USAGE":null,"AVERAGE_RATING":null,"RATING_RANGE":null,"TOTAL_REVIEW_COUNT":null,"DEFAULT_CAT_ID":"CAT13804","worksWithSkuIds":["SKU77385","SKU77383","SKU77375","SKU77380","SKU77382","SKU77376"],"DESCRIPTION":"Excellent brush for emollient-based products. For the application and expert blending of eye shadow, concealer or lipstick. The pro-quality flat-tipped, paddle-shaped brush has firm fibres carefully shaped to form a rounded edge to let you apply and move around colours like an expert. Suitable for powder or cream products. Custom packaging in black with gold accents.","worksWith":["PROD46280","PROD46279","PROD46275","PROD46277","PROD46278","PROD46276"],"AWARD_1":null,"PARENT_CAT_ID":"CAT13804","PRODUCT_ID":"PROD46281","palette":1,"CUSTOM_PALETTE_MEDIUM_IMAGE":null,"CUSTOM_PALETTE_LARGE_IMAGE":null,"PROD_BASE_ID":46281,"PROD_RGN_NAME":"230SE Multipurpose Detailing Brush \/ Diane Kendal","SUB_LINE":null,"sized":0,"skus":[{"LARGE_IMAGE":["\/media\/export\/cms\/products\/640x600\/mac_sku_S4FK01_640x600_0.jpg"],"highVelocityQty":-1,"LIFE_OF_PRODUCT":1,"MEDIUM_IMAGE":["\/media\/export\/cms\/products\/280x320\/mac_sku_S4FK01_280x320_0.jpg"],"PRO_FLAG":0,"PRICE":23,"CUSTOM_PALETTE_SMALL_IMAGE":null,"isLimitedRemaining":0,"formattedPrice2":"\u00a323.00 ","formattedUnitPrice":"","FLASH_DESC":null,"PRODUCT_CODE":"S4FK01","isShoppable":0,"IMAGE_COLLECTION":"\/media\/export\/cms\/products\/collection\/mac_collection_S4FK01.jpg","IMAGE_SMOOSH":"\/media\/export\/cms\/products\/smoosh\/mac_smoosh_S4FK01.jpg","UNDERTONE":null,"isOrderable":0,"USE_WITH":null,"SKU_ID":"SKU77386","FINISH":null,"PRODUCT_FORM":null,"SKU_MULTISHADED_IMAGE":"\/media\/export\/cms\/products\/smoosh\/mac_smoosh_S4FK01.jpg","worksWith":null,"formattedPrice":"\u00a323.00 ","SKU_MULTISHADED_IMAGE_HOVER":"\/media\/export\/cms\/products\/smoosh\/mac_smoosh_S4FK01_1.jpg","PARENT_CAT_ID":"CAT13804","PRODUCT_ID":"PROD46281","CUSTOM_PALETTE_MEDIUM_IMAGE":null,"CUSTOM_PALETTE_LARGE_IMAGE":null,"SKU_NOTES":null,"PRODUCT_SIZE":null,"DEFAULT_SKU":0,"INTENSITY":null,"SHADE_DESCRIPTION":null,"PRODUCT_TYPE":null,"INVENTORY_STATUS":7,"SMALL_IMAGE":"\/media\/export\/cms\/products\/124x163\/mac_sku_S4FK01_124x163_0.jpg","PRICE_CHANGE_DATE":null,"ATTRIBUTE_COLOR_FAMILY":null,"SHADENAME":null,"isComingSoon":0,"RESTRICT_GROUP":null,"COVERAGE":null,"HEX_VALUE_STRING":"","FIBRE":null,"path":"CAT13804PROD46281SKU77386","SKU_BASE_ID":77386,"FUTURE_PRICE":23,"DISPLAY_ORDER":0,"REFILLABLE":0,"AREA_OF_FACE":null,"USE":null,"PRICE2":null,"DISPLAY_STATUS":7}],"PRODUCT_TYPE":3,"IS_MULTISHADED":null,"FORMULA":null,"SMALL_IMAGE":"\/media\/export\/cms\/products\/124x163\/mac_sku_S4FK01_124x163_0.jpg","AVERAGE_RATING_ROUNDED":null,"RESTRICT_GROUP":null,"PROD_RGN_SUBHEADING":null,"RECOMMENDED_PERCENT":null,"SHORT_DESC":"A special-edition small brush for applying emollient-based products.","path":"CAT13804PROD46281","RECOMMENDED_COUNT":null,"shaded":0,"DISPLAY_STATUS":7,"buildCanonicalURL":"\/product\/13804\/46281\/products\/brushes-tools\/brushes\/eye-brushes\/230se-multipurpose-detailing-brush-diane-kendal","ONLY_RATINGS_COUNT":null,"sku_as_product":true,"defaultSku":{"LARGE_IMAGE":["\/media\/export\/cms\/products\/640x600\/mac_sku_S4FK01_640x600_0.jpg"],"highVelocityQty":-1,"LIFE_OF_PRODUCT":1,"MEDIUM_IMAGE":"\/media\/export\/cms\/products\/280x320\/mac_sku_S4FK01_280x320_0.jpg","PRO_FLAG":0,"PRICE":23,"CUSTOM_PALETTE_SMALL_IMAGE":null,"isLimitedRemaining":0,"formattedPrice2":"\u00a323.00 ","formattedUnitPrice":"","FLASH_DESC":null,"PRODUCT_CODE":"S4FK01","isShoppable":0,"IMAGE_COLLECTION":"\/media\/export\/cms\/products\/collection\/mac_collection_S4FK01.jpg","IMAGE_SMOOSH":"\/media\/export\/cms\/products\/smoosh\/mac_smoosh_S4FK01.jpg","UNDERTONE":null,"isOrderable":0,"USE_WITH":null,"SKU_ID":"SKU77386","FINISH":null,"PRODUCT_FORM":null,"SKU_MULTISHADED_IMAGE":"\/media\/export\/cms\/products\/smoosh\/mac_smoosh_S4FK01.jpg","worksWith":null,"formattedPrice":"\u00a323.00 ","SKU_MULTISHADED_IMAGE_HOVER":"\/media\/export\/cms\/products\/smoosh\/mac_smoosh_S4FK01_1.jpg","PARENT_CAT_ID":"CAT13804","PRODUCT_ID":"PROD46281","CUSTOM_PALETTE_MEDIUM_IMAGE":null,"CUSTOM_PALETTE_LARGE_IMAGE":null,"SKU_NOTES":null,"PRODUCT_SIZE":null,"DEFAULT_SKU":0,"INTENSITY":null,"SHADE_DESCRIPTION":null,"PRODUCT_TYPE":null,"INVENTORY_STATUS":7,"SMALL_IMAGE":"\/media\/export\/cms\/products\/124x163\/mac_sku_S4FK01_124x163_0.jpg","PRICE_CHANGE_DATE":null,"ATTRIBUTE_COLOR_FAMILY":null,"SHADENAME":null,"isComingSoon":0,"RESTRICT_GROUP":null,"COVERAGE":null,"HEX_VALUE_STRING":"","FIBRE":null,"path":"CAT13804PROD46281SKU77386","SKU_BASE_ID":77386,"FUTURE_PRICE":23,"DISPLAY_ORDER":0,"REFILLABLE":0,"AREA_OF_FACE":null,"USE":null,"PRICE2":null,"DISPLAY_STATUS":7}},{"NAME_SHORT":null,"LARGE_IMAGE":["\/media\/export\/cms\/products\/640x600\/mac_sku_S4ET09_640x600_0.jpg"],"AVERAGE_RATING_PERCENT":null,"PRODUCT_BUZZWORDS":"Colour-True, Eye Shadow\/Eye Liner, Wet\/Dry Formula","MEDIUM_IMAGE":"\/media\/export\/cms\/products\/280x320\/mac_sku_S4ET09_280x320_0.jpg","PRO_FLAG":0,"CUSTOM_PALETTE_SMALL_IMAGE":null,"CLAIMS":"\u003Cul\u003E\u003Cli\u003E Stay-true colour \u003C\/li\u003E\u003Cli\u003E Can be used wet or dry \u003C\/li\u003E\u003Cli\u003E Crease-proof and fade-proof \u003C\/li\u003E\u003Cli\u003E Provides flexible coverage \u003C\/li\u003E\u003Cli\u003E Ophthalmologist tested \u003C\/li\u003E\u003Cli\u003E Dermatologist tested \u003C\/li\u003E\u003Cli\u003E For all skin types \u003C\/li\u003E\u003Cli\u003E Safe for contact lens wearers \u003C\/li\u003E\u003Cli\u003ENon-acnegenic \u003C\/li\u003E\u003C\/ul\u003E","url":"\/product\/13840\/46138\/products\/makeup\/eyes\/shadow\/into-the-well-eye-shadow-james-kaliardos","category":{"CAT_BASE_ID":13840,"BREADCRUMB_MENU_CAT_ID":null,"url":"\/products\/13840\/products\/makeup\/eyes\/shadow","DESCRIPTION":null,"CATEGORY_ID":"CAT13840","CATEGORY_NAME":"Shadow","ROOTS1":null},"RATING_IMAGE":"\/images\/global\/transparent.gif","isShoppable":1,"IMAGE_COLLECTION":"\/media\/export\/cms\/products\/collection\/mac_collection_S4ET09.jpg","IMAGE_SMOOSH":"\/media\/export\/cms\/products\/smoosh\/mac_smoosh_S4ET09.jpg","PRODUCT_USAGE":"\u003Cul\u003E\u003Cli\u003E Apply to lid using fingers, brush or sponge. \u003C\/li\u003E\u003Cli\u003E Can be worn as an eye shadow or eye liner. \u003C\/li\u003E\u003C\/ul\u003E","AVERAGE_RATING":null,"RATING_RANGE":null,"TOTAL_REVIEW_COUNT":null,"DEFAULT_CAT_ID":"CAT13840","worksWithSkuIds":["SKU77226","SKU77224","SKU2937","SKU77306","SKU77310","SKU77230"],"DESCRIPTION":"A pressed powder eye shadow\/eye liner with pure matte pigments that are as sensuous as velvet. An indentation in the middle of the pan can hold a drop or two of water to create a long-wearing inky shade. Use wet or dry. Custom packaging in matte black with James\u2019 signature in gold.","worksWith":["PROD46137","PROD46136","PROD340","PROD46217","PROD46220","PROD46139"],"AWARD_1":null,"PARENT_CAT_ID":"CAT13840","PRODUCT_ID":"PROD46138","palette":0,"CUSTOM_PALETTE_MEDIUM_IMAGE":null,"CUSTOM_PALETTE_LARGE_IMAGE":null,"PROD_BASE_ID":46138,"PROD_RGN_NAME":"Into the Well Eye Shadow \/ James Kaliardos","SUB_LINE":null,"sized":0,"skus":[{"LARGE_IMAGE":["\/media\/export\/cms\/products\/640x600\/mac_sku_S4ET09_640x600_0.jpg","\/media\/export\/cms\/products\/640x600\/mac_sku_S4ET09_640x600_1.jpg"],"highVelocityQty":-1,"LIFE_OF_PRODUCT":1,"MEDIUM_IMAGE":["\/media\/export\/cms\/products\/280x320\/mac_sku_S4ET09_280x320_0.jpg"],"PRO_FLAG":0,"PRICE":16,"CUSTOM_PALETTE_SMALL_IMAGE":null,"isLimitedRemaining":0,"formattedPrice2":"\u00a316.00 ","formattedUnitPrice":"","FLASH_DESC":null,"PRODUCT_CODE":"S4ET09","isShoppable":1,"IMAGE_COLLECTION":"\/media\/export\/cms\/products\/collection\/mac_collection_S4ET09.jpg","IMAGE_SMOOSH":"\/media\/export\/cms\/products\/smoosh\/mac_smoosh_S4ET09.jpg","UNDERTONE":null,"isOrderable":1,"USE_WITH":null,"SKU_ID":"SKU77227","FINISH":"Matte","PRODUCT_FORM":null,"SKU_MULTISHADED_IMAGE":"\/media\/export\/cms\/products\/smoosh\/mac_smoosh_S4ET09.jpg","worksWith":null,"formattedPrice":"\u00a316.00 ","SKU_MULTISHADED_IMAGE_HOVER":"\/media\/export\/cms\/products\/smoosh\/mac_smoosh_S4ET09_1.jpg","PARENT_CAT_ID":"CAT13840","PRODUCT_ID":"PROD46138","CUSTOM_PALETTE_MEDIUM_IMAGE":null,"CUSTOM_PALETTE_LARGE_IMAGE":null,"SKU_NOTES":null,"PRODUCT_SIZE":"2.25 g","DEFAULT_SKU":0,"INTENSITY":null,"SHADE_DESCRIPTION":"Midtone cool blue","PRODUCT_TYPE":null,"INVENTORY_STATUS":1,"SMALL_IMAGE":"\/media\/export\/cms\/products\/124x163\/mac_sku_S4ET09_124x163_0.jpg","PRICE_CHANGE_DATE":null,"ATTRIBUTE_COLOR_FAMILY":null,"SHADENAME":"Matte Galena","isComingSoon":0,"RESTRICT_GROUP":null,"COVERAGE":null,"HEX_VALUE_STRING":"#71747d","FIBRE":null,"path":"CAT13840PROD46138SKU77227","SKU_BASE_ID":77227,"FUTURE_PRICE":16,"DISPLAY_ORDER":0,"REFILLABLE":0,"AREA_OF_FACE":null,"USE":null,"PRICE2":null,"DISPLAY_STATUS":7},{"LARGE_IMAGE":["\/media\/export\/cms\/products\/640x600\/mac_sku_S4ET03_640x600_0.jpg","\/media\/export\/cms\/products\/640x600\/mac_sku_S4ET03_640x600_1.jpg"],"highVelocityQty":-1,"LIFE_OF_PRODUCT":1,"MEDIUM_IMAGE":["\/media\/export\/cms\/products\/280x320\/mac_sku_S4ET03_280x320_0.jpg"],"PRO_FLAG":0,"PRICE":16,"CUSTOM_PALETTE_SMALL_IMAGE":null,"isLimitedRemaining":0,"formattedPrice2":"\u00a316.00 ","formattedUnitPrice":"","FLASH_DESC":null,"PRODUCT_CODE":"S4ET03","isShoppable":1,"IMAGE_COLLECTION":"\/media\/export\/cms\/products\/collection\/mac_collection_S4ET03.jpg","IMAGE_SMOOSH":"\/media\/export\/cms\/products\/smoosh\/mac_smoosh_S4ET03.jpg","UNDERTONE":null,"isOrderable":1,"USE_WITH":null,"SKU_ID":"SKU77228","FINISH":"Matte","PRODUCT_FORM":null,"SKU_MULTISHADED_IMAGE":"\/media\/export\/cms\/products\/smoosh\/mac_smoosh_S4ET03.jpg","worksWith":null,"formattedPrice":"\u00a316.00 ","SKU_MULTISHADED_IMAGE_HOVER":"\/media\/export\/cms\/products\/smoosh\/mac_smoosh_S4ET03_1.jpg","PARENT_CAT_ID":"CAT13840","PRODUCT_ID":"PROD46138","CUSTOM_PALETTE_MEDIUM_IMAGE":null,"CUSTOM_PALETTE_LARGE_IMAGE":null,"SKU_NOTES":null,"PRODUCT_SIZE":"2.25 g","DEFAULT_SKU":0,"INTENSITY":null,"SHADE_DESCRIPTION":"Deep warm brown","PRODUCT_TYPE":null,"INVENTORY_STATUS":1,"SMALL_IMAGE":"\/media\/export\/cms\/products\/124x163\/mac_sku_S4ET03_124x163_0.jpg","PRICE_CHANGE_DATE":null,"ATTRIBUTE_COLOR_FAMILY":null,"SHADENAME":"Midnight Tryst","isComingSoon":0,"RESTRICT_GROUP":null,"COVERAGE":null,"HEX_VALUE_STRING":"#583839","FIBRE":null,"path":"CAT13840PROD46138SKU77228","SKU_BASE_ID":77228,"FUTURE_PRICE":16,"DISPLAY_ORDER":0,"REFILLABLE":0,"AREA_OF_FACE":null,"USE":null,"PRICE2":null,"DISPLAY_STATUS":7}],"PRODUCT_TYPE":1,"IS_MULTISHADED":null,"FORMULA":null,"SMALL_IMAGE":"\/media\/export\/cms\/products\/124x163\/mac_sku_S4ET09_124x163_0.jpg","AVERAGE_RATING_ROUNDED":null,"RESTRICT_GROUP":null,"PROD_RGN_SUBHEADING":null,"RECOMMENDED_PERCENT":null,"SHORT_DESC":"An inky pressed powder eye shadow\/eye liner with an indentation to hold a drop water.","path":"CAT13840PROD46138","RECOMMENDED_COUNT":null,"shaded":1,"DISPLAY_STATUS":7,"buildCanonicalURL":"\/product\/13840\/46138\/products\/makeup\/eyes\/shadow\/into-the-well-eye-shadow-james-kaliardos","ONLY_RATINGS_COUNT":null,"sku_as_product":true,"defaultSku":{"LARGE_IMAGE":["\/media\/export\/cms\/products\/640x600\/mac_sku_S4ET03_640x600_0.jpg","\/media\/export\/cms\/products\/640x600\/mac_sku_S4ET03_640x600_1.jpg"],"highVelocityQty":-1,"LIFE_OF_PRODUCT":1,"MEDIUM_IMAGE":"\/media\/export\/cms\/products\/280x320\/mac_sku_S4ET03_280x320_0.jpg","PRO_FLAG":0,"PRICE":16,"CUSTOM_PALETTE_SMALL_IMAGE":null,"isLimitedRemaining":0,"formattedPrice2":"\u00a316.00 ","formattedUnitPrice":"","FLASH_DESC":null,"PRODUCT_CODE":"S4ET03","isShoppable":1,"IMAGE_COLLECTION":"\/media\/export\/cms\/products\/collection\/mac_collection_S4ET03.jpg","IMAGE_SMOOSH":"\/media\/export\/cms\/products\/smoosh\/mac_smoosh_S4ET03.jpg","UNDERTONE":null,"isOrderable":1,"USE_WITH":null,"SKU_ID":"SKU77228","FINISH":"Matte","PRODUCT_FORM":null,"SKU_MULTISHADED_IMAGE":"\/media\/export\/cms\/products\/smoosh\/mac_smoosh_S4ET03.jpg","worksWith":null,"formattedPrice":"\u00a316.00 ","SKU_MULTISHADED_IMAGE_HOVER":"\/media\/export\/cms\/products\/smoosh\/mac_smoosh_S4ET03_1.jpg","PARENT_CAT_ID":"CAT13840","PRODUCT_ID":"PROD46138","CUSTOM_PALETTE_MEDIUM_IMAGE":null,"CUSTOM_PALETTE_LARGE_IMAGE":null,"SKU_NOTES":null,"PRODUCT_SIZE":"2.25 g","DEFAULT_SKU":0,"INTENSITY":null,"SHADE_DESCRIPTION":"Deep warm brown","PRODUCT_TYPE":null,"INVENTORY_STATUS":1,"SMALL_IMAGE":"\/media\/export\/cms\/products\/124x163\/mac_sku_S4ET03_124x163_0.jpg","PRICE_CHANGE_DATE":null,"ATTRIBUTE_COLOR_FAMILY":null,"SHADENAME":"Midnight Tryst","isComingSoon":0,"RESTRICT_GROUP":null,"COVERAGE":null,"HEX_VALUE_STRING":"#583839","FIBRE":null,"path":"CAT13840PROD46138SKU77228","SKU_BASE_ID":77228,"FUTURE_PRICE":16,"DISPLAY_ORDER":0,"REFILLABLE":0,"AREA_OF_FACE":null,"USE":null,"PRICE2":null,"DISPLAY_STATUS":7},"qs_shade_route":"#\/shade\/Midnight_Tryst","sku_count":2,"spp_show_shade_filter":true,"single_shade":false},{"NAME_SHORT":null,"LARGE_IMAGE":["\/media\/export\/cms\/products\/640x600\/mac_sku_S4F644_640x600_0.jpg"],"AVERAGE_RATING_PERCENT":null,"PRODUCT_BUZZWORDS":"High Shine, Wet\/Dry Formula, Cream-Like","MEDIUM_IMAGE":"\/media\/export\/cms\/products\/280x320\/mac_sku_S4F644_280x320_0.jpg","PRO_FLAG":0,"CUSTOM_PALETTE_SMALL_IMAGE":null,"CLAIMS":"\u003Cul\u003E\u003Cli\u003E Long-wearing, eight hours \u003C\/li\u003E\u003Cli\u003E Can be used wet or dry \u003C\/li\u003E\u003Cli\u003E Features a lightweight formula \u003C\/li\u003E\u003Cli\u003E Provides non-dusty coverage \u003C\/li\u003E\u003Cli\u003E Blendable \u003C\/li\u003E\u003Cli\u003E For all skin types \u003C\/li\u003E\u003Cli\u003E Safe for contact lens wearers \u003C\/li\u003E\u003Cli\u003E Non-acnegenic \u003C\/li\u003E\u003Cli\u003EOphthalmologist tested \u003C\/li\u003E\u003Cli\u003E Dermatologist tested \u003C\/li\u003E\u003C\/ul\u003E","url":"\/product\/13848\/46217\/products\/makeup\/face\/multi-use\/pressed-pigment-james-kaliardos","category":{"CAT_BASE_ID":13848,"BREADCRUMB_MENU_CAT_ID":null,"url":"\/products\/13848\/products\/makeup\/face\/multi-use","DESCRIPTION":null,"CATEGORY_ID":"CAT13848","CATEGORY_NAME":"Multi-Use","ROOTS1":null},"RATING_IMAGE":"\/images\/global\/transparent.gif","isShoppable":1,"IMAGE_COLLECTION":"\/media\/export\/cms\/products\/collection\/mac_collection_S4F644.jpg","IMAGE_SMOOSH":"\/media\/export\/cms\/products\/smoosh\/mac_smoosh_S4F644.jpg","PRODUCT_USAGE":"Apply to lid using fingers, brush or sponge.","AVERAGE_RATING":null,"RATING_RANGE":null,"TOTAL_REVIEW_COUNT":null,"DEFAULT_CAT_ID":"CAT13848","worksWithSkuIds":["SKU77223","SKU77225","SKU2952","SKU77227","SKU77230","SKU77310"],"DESCRIPTION":"Two lustrous cream-like eye shadow shades offer pearlescence and versatility of finish. Provides sheer-to-moderate buildable coverage and a dimensional finish. The dual-use formula can be applied dry for a sparkling more translucent look, or wet for glossy and high-shine saturated colour. The smooth, non-dusty formula blends easily with extreme adherence to skin. Pressed Pigment is delicate. Please handle with care. Custom packaging in matte black with James\u2019 signature in gold.","worksWith":["PROD46136","PROD46137","PROD340","PROD46138","PROD46139","PROD46220"],"AWARD_1":null,"PARENT_CAT_ID":"CAT13848","PRODUCT_ID":"PROD46217","palette":0,"CUSTOM_PALETTE_MEDIUM_IMAGE":null,"CUSTOM_PALETTE_LARGE_IMAGE":null,"PROD_BASE_ID":46217,"PROD_RGN_NAME":"Pressed Pigment \/ James Kaliardos","SUB_LINE":null,"sized":0,"skus":[{"LARGE_IMAGE":["\/media\/export\/cms\/products\/640x600\/mac_sku_S4F644_640x600_0.jpg","\/media\/export\/cms\/products\/640x600\/mac_sku_S4F644_640x600_1.jpg"],"highVelocityQty":-1,"LIFE_OF_PRODUCT":1,"MEDIUM_IMAGE":["\/media\/export\/cms\/products\/280x320\/mac_sku_S4F644_280x320_0.jpg"],"PRO_FLAG":0,"PRICE":16.5,"CUSTOM_PALETTE_SMALL_IMAGE":null,"isLimitedRemaining":0,"formattedPrice2":"\u00a316.50 ","formattedUnitPrice":"","FLASH_DESC":null,"PRODUCT_CODE":"S4F644","isShoppable":1,"IMAGE_COLLECTION":"\/media\/export\/cms\/products\/collection\/mac_collection_S4F644.jpg","IMAGE_SMOOSH":"\/media\/export\/cms\/products\/smoosh\/mac_smoosh_S4F644.jpg","UNDERTONE":null,"isOrderable":1,"USE_WITH":null,"SKU_ID":"SKU77306","FINISH":null,"PRODUCT_FORM":null,"SKU_MULTISHADED_IMAGE":"\/media\/export\/cms\/products\/smoosh\/mac_smoosh_S4F644.jpg","worksWith":null,"formattedPrice":"\u00a316.50 ","SKU_MULTISHADED_IMAGE_HOVER":"\/media\/export\/cms\/products\/smoosh\/mac_smoosh_S4F644_1.jpg","PARENT_CAT_ID":"CAT13848","PRODUCT_ID":"PROD46217","CUSTOM_PALETTE_MEDIUM_IMAGE":null,"CUSTOM_PALETTE_LARGE_IMAGE":null,"SKU_NOTES":null,"PRODUCT_SIZE":"1.3 g","DEFAULT_SKU":0,"INTENSITY":null,"SHADE_DESCRIPTION":"Deep aubergine with multi pearl","PRODUCT_TYPE":null,"INVENTORY_STATUS":1,"SMALL_IMAGE":"\/media\/export\/cms\/products\/124x163\/mac_sku_S4F644_124x163_0.jpg","PRICE_CHANGE_DATE":null,"ATTRIBUTE_COLOR_FAMILY":null,"SHADENAME":"Black Grape","isComingSoon":0,"RESTRICT_GROUP":null,"COVERAGE":null,"HEX_VALUE_STRING":"#6e5b77","FIBRE":null,"path":"CAT13848PROD46217SKU77306","SKU_BASE_ID":77306,"FUTURE_PRICE":16.5,"DISPLAY_ORDER":0,"REFILLABLE":0,"AREA_OF_FACE":null,"USE":null,"PRICE2":null,"DISPLAY_STATUS":7},{"LARGE_IMAGE":["\/media\/export\/cms\/products\/640x600\/mac_sku_S4F601_640x600_0.jpg","\/media\/export\/cms\/products\/640x600\/mac_sku_S4F601_640x600_1.jpg"],"highVelocityQty":-1,"LIFE_OF_PRODUCT":1,"MEDIUM_IMAGE":["\/media\/export\/cms\/products\/280x320\/mac_sku_S4F601_280x320_0.jpg"],"PRO_FLAG":0,"PRICE":16.5,"CUSTOM_PALETTE_SMALL_IMAGE":null,"isLimitedRemaining":0,"formattedPrice2":"\u00a316.50 ","formattedUnitPrice":"","FLASH_DESC":null,"PRODUCT_CODE":"S4F601","isShoppable":0,"IMAGE_COLLECTION":"\/media\/export\/cms\/products\/collection\/mac_collection_S4F601.jpg","IMAGE_SMOOSH":"\/media\/export\/cms\/products\/smoosh\/mac_smoosh_S4F601.jpg","UNDERTONE":null,"isOrderable":0,"USE_WITH":null,"SKU_ID":"SKU77307","FINISH":null,"PRODUCT_FORM":null,"SKU_MULTISHADED_IMAGE":"\/media\/export\/cms\/products\/smoosh\/mac_smoosh_S4F601.jpg","worksWith":null,"formattedPrice":"\u00a316.50 ","SKU_MULTISHADED_IMAGE_HOVER":"\/media\/export\/cms\/products\/smoosh\/mac_smoosh_S4F601_1.jpg","PARENT_CAT_ID":"CAT13848","PRODUCT_ID":"PROD46217","CUSTOM_PALETTE_MEDIUM_IMAGE":null,"CUSTOM_PALETTE_LARGE_IMAGE":null,"SKU_NOTES":null,"PRODUCT_SIZE":"1.3 g","DEFAULT_SKU":0,"INTENSITY":null,"SHADE_DESCRIPTION":"High pearl powder in W10 shade","PRODUCT_TYPE":null,"INVENTORY_STATUS":7,"SMALL_IMAGE":"\/media\/export\/cms\/products\/124x163\/mac_sku_S4F601_124x163_0.jpg","PRICE_CHANGE_DATE":null,"ATTRIBUTE_COLOR_FAMILY":null,"SHADENAME":"Light Touch","isComingSoon":0,"RESTRICT_GROUP":null,"COVERAGE":null,"HEX_VALUE_STRING":"#f7cec0","FIBRE":null,"path":"CAT13848PROD46217SKU77307","SKU_BASE_ID":77307,"FUTURE_PRICE":16.5,"DISPLAY_ORDER":0,"REFILLABLE":0,"AREA_OF_FACE":null,"USE":null,"PRICE2":null,"DISPLAY_STATUS":7}],"PRODUCT_TYPE":1,"IS_MULTISHADED":null,"FORMULA":null,"SMALL_IMAGE":"\/media\/export\/cms\/products\/124x163\/mac_sku_S4F644_124x163_0.jpg","AVERAGE_RATING_ROUNDED":null,"RESTRICT_GROUP":null,"PROD_RGN_SUBHEADING":null,"RECOMMENDED_PERCENT":null,"SHORT_DESC":"Two lustrous eye shadows that offer extreme pearlescence and versatility of finish.","path":"CAT13848PROD46217","RECOMMENDED_COUNT":null,"shaded":1,"DISPLAY_STATUS":7,"buildCanonicalURL":"\/product\/13848\/46217\/products\/makeup\/face\/multi-use\/pressed-pigment-james-kaliardos","ONLY_RATINGS_COUNT":null,"sku_as_product":true,"defaultSku":{"LARGE_IMAGE":["\/media\/export\/cms\/products\/640x600\/mac_sku_S4F644_640x600_0.jpg","\/media\/export\/cms\/products\/640x600\/mac_sku_S4F644_640x600_1.jpg"],"highVelocityQty":-1,"LIFE_OF_PRODUCT":1,"MEDIUM_IMAGE":"\/media\/export\/cms\/products\/280x320\/mac_sku_S4F644_280x320_0.jpg","PRO_FLAG":0,"PRICE":16.5,"CUSTOM_PALETTE_SMALL_IMAGE":null,"isLimitedRemaining":0,"formattedPrice2":"\u00a316.50 ","formattedUnitPrice":"","FLASH_DESC":null,"PRODUCT_CODE":"S4F644","isShoppable":1,"IMAGE_COLLECTION":"\/media\/export\/cms\/products\/collection\/mac_collection_S4F644.jpg","IMAGE_SMOOSH":"\/media\/export\/cms\/products\/smoosh\/mac_smoosh_S4F644.jpg","UNDERTONE":null,"isOrderable":1,"USE_WITH":null,"SKU_ID":"SKU77306","FINISH":null,"PRODUCT_FORM":null,"SKU_MULTISHADED_IMAGE":"\/media\/export\/cms\/products\/smoosh\/mac_smoosh_S4F644.jpg","worksWith":null,"formattedPrice":"\u00a316.50 ","SKU_MULTISHADED_IMAGE_HOVER":"\/media\/export\/cms\/products\/smoosh\/mac_smoosh_S4F644_1.jpg","PARENT_CAT_ID":"CAT13848","PRODUCT_ID":"PROD46217","CUSTOM_PALETTE_MEDIUM_IMAGE":null,"CUSTOM_PALETTE_LARGE_IMAGE":null,"SKU_NOTES":null,"PRODUCT_SIZE":"1.3 g","DEFAULT_SKU":0,"INTENSITY":null,"SHADE_DESCRIPTION":"Deep aubergine with multi pearl","PRODUCT_TYPE":null,"INVENTORY_STATUS":1,"SMALL_IMAGE":"\/media\/export\/cms\/products\/124x163\/mac_sku_S4F644_124x163_0.jpg","PRICE_CHANGE_DATE":null,"ATTRIBUTE_COLOR_FAMILY":null,"SHADENAME":"Black Grape","isComingSoon":0,"RESTRICT_GROUP":null,"COVERAGE":null,"HEX_VALUE_STRING":"#6e5b77","FIBRE":null,"path":"CAT13848PROD46217SKU77306","SKU_BASE_ID":77306,"FUTURE_PRICE":16.5,"DISPLAY_ORDER":0,"REFILLABLE":0,"AREA_OF_FACE":null,"USE":null,"PRICE2":null,"DISPLAY_STATUS":7},"qs_shade_route":"#\/shade\/Black_Grape","sku_count":2,"spp_show_shade_filter":true,"single_shade":false},{"NAME_SHORT":null,"LARGE_IMAGE":["\/media\/export\/cms\/products\/640x600\/mac_sku_MM2C01_640x600_0.jpg"],"AVERAGE_RATING_PERCENT":76,"PRODUCT_BUZZWORDS":"Double Effect, Defining, Volumizing, Super Black","MEDIUM_IMAGE":["\/media\/export\/cms\/products\/280x320\/mac_sku_MM2C01_280x320_0.jpg"],"PRO_FLAG":0,"CUSTOM_PALETTE_SMALL_IMAGE":null,"CLAIMS":"\u003Cul\u003E\u003Cli\u003EOphthalmologist tested\u003C\/li\u003E\u003Cli\u003ESafe for contact lens wearers\u003C\/li\u003E\u003Cli\u003EFlake-proof and smudge-proof\u003C\/li\u003E\u003Cli\u003ELong-wearing\u003C\/li\u003E\u003Cli\u003ENon-clumping\u003C\/li\u003E\u003Cli\u003EFeatures a dual-wiper brush system\u003C\/li\u003E\u003Cli\u003EDefining\u003C\/li\u003E\u003Cli\u003EVolumizing\u003C\/li\u003E\u003Cli\u003EFeatures a carbon black formula\u003C\/li\u003E\u003C\/ul\u003E","url":"\/product\/13839\/19432\/products\/makeup\/eyes\/mascara\/haute-naughty-too-black-lash","category":{"CAT_BASE_ID":13839,"BREADCRUMB_MENU_CAT_ID":null,"url":"\/products\/13839\/products\/makeup\/eyes\/mascara","DESCRIPTION":null,"CATEGORY_ID":"CAT13839","CATEGORY_NAME":"Mascara","ROOTS1":null},"RATING_IMAGE":"\/images\/products\/stars\/rating-3_8.gif","isShoppable":1,"IMAGE_COLLECTION":"\/media\/export\/cms\/products\/collection\/mac_collection_MM2C01.jpg","IMAGE_SMOOSH":"\/media\/export\/cms\/products\/smoosh\/mac_smoosh_MM2C01.jpg","PRODUCT_USAGE":"\u003Cul\u003E\u003Cli\u003EPull the wand through the small orifice if you want to create natural-looking, defined lashes.\u003C\/li\u003E\u003Cli\u003EFor dramatic lashes with incredible volume, pull the wand through the large orifice.\u003C\/li\u003E\u003Cli\u003ESweep the wand from the base of the lashes to the tips.\u003C\/li\u003E\u003C\/ul\u003E","AVERAGE_RATING":3.8182,"RATING_RANGE":5,"TOTAL_REVIEW_COUNT":11,"DEFAULT_CAT_ID":"CAT13839","worksWithSkuIds":["SKU47047","SKU4164","SKU4469","SKU32119","SKU4957","SKU4957"],"DESCRIPTION":"Our two-in-one mascara in an intense carbon black colour. Creamy, velvety, flexible, lightweight formula sweeps up lashes and coats from root to tip. The dual-wiper system customizes your lash style for a naturally defined or powerfully dramatic look. Pulling the wand through the small orifice adds definition, while pulling it through the large orifice allows you to add volume. This mascara is super convenient and works for every occasion. It\u0027s truly one for ALL.","worksWith":["PROD1573","PROD970","PROD898","PROD15758","PROD1406","PROD1406"],"AWARD_1":null,"PARENT_CAT_ID":"CAT13839","PRODUCT_ID":"PROD19432","palette":0,"CUSTOM_PALETTE_MEDIUM_IMAGE":null,"CUSTOM_PALETTE_LARGE_IMAGE":null,"PROD_BASE_ID":19432,"PROD_RGN_NAME":"Haute \u0026 Naughty Too Black Lash","SUB_LINE":null,"sized":0,"skus":[{"LARGE_IMAGE":["\/media\/export\/cms\/products\/640x600\/mac_sku_MM2C01_640x600_0.jpg","#\/media\/export\/cms\/products\/640x600\/mac_sku_MM2C01_640x600_1.jpg","\/media\/export\/cms\/products\/640x600\/mac_sku_MM2C01_640x600_2.jpg"],"highVelocityQty":-1,"LIFE_OF_PRODUCT":2,"MEDIUM_IMAGE":["\/media\/export\/cms\/products\/280x320\/mac_sku_MM2C01_280x320_0.jpg","\/media\/export\/cms\/products\/280x320\/mac_sku_MM2C01_280x320_1.jpg"],"PRO_FLAG":0,"PRICE":19.5,"CUSTOM_PALETTE_SMALL_IMAGE":null,"isLimitedRemaining":0,"formattedPrice2":"\u00a319.50 ","formattedUnitPrice":"\u00a321.67  \/ 10g","FLASH_DESC":"\u003Cspan class=\u0027guideitem_gray\u0027\u003ENatural, classic lash definition or full-on dramatic volume. The innovative duo- wiper system lets you choose. Our two-in-one mascara in an intense carbon black.\u003C\/span\u003E\u003Cbr\/\u003E","PRODUCT_CODE":"MM2C01","isShoppable":1,"IMAGE_COLLECTION":"\/media\/export\/cms\/products\/collection\/mac_collection_MM2C01.jpg","IMAGE_SMOOSH":"\/media\/export\/cms\/products\/smoosh\/mac_smoosh_MM2C01.jpg","UNDERTONE":null,"isOrderable":1,"USE_WITH":null,"SKU_ID":"SKU38895","FINISH":null,"PRODUCT_FORM":"defining\/separating,black\/superblack","SKU_MULTISHADED_IMAGE":"\/media\/export\/cms\/products\/smoosh\/mac_smoosh_MM2C01.jpg","worksWith":null,"formattedPrice":"\u00a319.50 ","SKU_MULTISHADED_IMAGE_HOVER":"\/media\/export\/cms\/products\/smoosh\/mac_smoosh_MM2C01_1.jpg","PARENT_CAT_ID":"CAT13839","PRODUCT_ID":"PROD19432","CUSTOM_PALETTE_MEDIUM_IMAGE":null,"CUSTOM_PALETTE_LARGE_IMAGE":null,"SKU_NOTES":null,"PRODUCT_SIZE":"9 g","DEFAULT_SKU":0,"INTENSITY":null,"SHADE_DESCRIPTION":"Black","PRODUCT_TYPE":"volumizes, defines","INVENTORY_STATUS":1,"SMALL_IMAGE":"\/media\/export\/cms\/products\/124x163\/mac_sku_MM2C01_124x163_0.jpg","PRICE_CHANGE_DATE":null,"ATTRIBUTE_COLOR_FAMILY":null,"SHADENAME":"Haute \u0026 Naughty Too Black","isComingSoon":0,"RESTRICT_GROUP":null,"COVERAGE":null,"HEX_VALUE_STRING":"","FIBRE":null,"path":"CAT13839PROD19432SKU38895","SKU_BASE_ID":38895,"FUTURE_PRICE":19.5,"DISPLAY_ORDER":1,"REFILLABLE":0,"AREA_OF_FACE":null,"USE":null,"PRICE2":null,"DISPLAY_STATUS":7}],"PRODUCT_TYPE":1,"IS_MULTISHADED":null,"FORMULA":null,"SMALL_IMAGE":"\/media\/export\/cms\/products\/124x163\/mac_sku_MM2C01_124x163_0.jpg","AVERAGE_RATING_ROUNDED":3.8,"RESTRICT_GROUP":null,"PROD_RGN_SUBHEADING":null,"RECOMMENDED_PERCENT":18,"SHORT_DESC":"A two-in-one carbon black mascara that offers either defined or voluminous lashes.","path":"CAT13839PROD19432","RECOMMENDED_COUNT":2,"shaded":false,"DISPLAY_STATUS":7,"buildCanonicalURL":"\/product\/13839\/19432\/products\/makeup\/eyes\/mascara\/haute-naughty-too-black-lash","ONLY_RATINGS_COUNT":0,"sku_as_product":true,"defaultSku":{"LARGE_IMAGE":["\/media\/export\/cms\/products\/640x600\/mac_sku_MM2C01_640x600_0.jpg","#\/media\/export\/cms\/products\/640x600\/mac_sku_MM2C01_640x600_1.jpg","\/media\/export\/cms\/products\/640x600\/mac_sku_MM2C01_640x600_2.jpg"],"highVelocityQty":-1,"LIFE_OF_PRODUCT":2,"MEDIUM_IMAGE":["\/media\/export\/cms\/products\/280x320\/mac_sku_MM2C01_280x320_0.jpg","\/media\/export\/cms\/products\/280x320\/mac_sku_MM2C01_280x320_1.jpg"],"PRO_FLAG":0,"PRICE":19.5,"CUSTOM_PALETTE_SMALL_IMAGE":null,"isLimitedRemaining":0,"formattedPrice2":"\u00a319.50 ","formattedUnitPrice":"\u00a321.67  \/ 10g","FLASH_DESC":"\u003Cspan class=\u0027guideitem_gray\u0027\u003ENatural, classic lash definition or full-on dramatic volume. The innovative duo- wiper system lets you choose. Our two-in-one mascara in an intense carbon black.\u003C\/span\u003E\u003Cbr\/\u003E","PRODUCT_CODE":"MM2C01","isShoppable":1,"IMAGE_COLLECTION":"\/media\/export\/cms\/products\/collection\/mac_collection_MM2C01.jpg","IMAGE_SMOOSH":"\/media\/export\/cms\/products\/smoosh\/mac_smoosh_MM2C01.jpg","UNDERTONE":null,"isOrderable":1,"USE_WITH":null,"SKU_ID":"SKU38895","FINISH":null,"PRODUCT_FORM":"defining\/separating,black\/superblack","SKU_MULTISHADED_IMAGE":"\/media\/export\/cms\/products\/smoosh\/mac_smoosh_MM2C01.jpg","worksWith":null,"formattedPrice":"\u00a319.50 ","SKU_MULTISHADED_IMAGE_HOVER":"\/media\/export\/cms\/products\/smoosh\/mac_smoosh_MM2C01_1.jpg","PARENT_CAT_ID":"CAT13839","PRODUCT_ID":"PROD19432","CUSTOM_PALETTE_MEDIUM_IMAGE":null,"CUSTOM_PALETTE_LARGE_IMAGE":null,"SKU_NOTES":null,"PRODUCT_SIZE":"9 g","DEFAULT_SKU":0,"INTENSITY":null,"SHADE_DESCRIPTION":"Black","PRODUCT_TYPE":"volumizes, defines","INVENTORY_STATUS":1,"SMALL_IMAGE":"\/media\/export\/cms\/products\/124x163\/mac_sku_MM2C01_124x163_0.jpg","PRICE_CHANGE_DATE":null,"ATTRIBUTE_COLOR_FAMILY":null,"SHADENAME":"Haute \u0026 Naughty Too Black","isComingSoon":0,"RESTRICT_GROUP":null,"COVERAGE":null,"HEX_VALUE_STRING":"","FIBRE":null,"path":"CAT13839PROD19432SKU38895","SKU_BASE_ID":38895,"FUTURE_PRICE":19.5,"DISPLAY_ORDER":1,"REFILLABLE":0,"AREA_OF_FACE":null,"USE":null,"PRICE2":null,"DISPLAY_STATUS":7},"qs_shade_route":"#\/shade\/Haute_\u0026_Naughty_Too_Black","spp_show_shade_filter":true,"single_shade":true,"has_medium_alt":true,"product_class":"product--teaser-alt"},{"NAME_SHORT":null,"LARGE_IMAGE":["\/media\/export\/cms\/products\/640x600\/mac_sku_S4F001_640x600_0.jpg"],"AVERAGE_RATING_PERCENT":20,"PRODUCT_BUZZWORDS":"Pen-Style Formula, 12-Hour Wear, Bold","MEDIUM_IMAGE":"\/media\/export\/cms\/products\/280x320\/mac_sku_S4F001_280x320_0.jpg","PRO_FLAG":0,"CUSTOM_PALETTE_SMALL_IMAGE":null,"CLAIMS":"\u003Cul\u003E\u003Cli\u003E Long-wearing, 12 hours \u003C\/li\u003E\u003Cli\u003E Transfer-resistant \u003C\/li\u003E\u003Cli\u003E Flake-proof and smudge-proof \u003C\/li\u003E\u003Cli\u003E Safe for contact lens wearers \u003C\/lI\u003E\u003Cli\u003E Ophthalmologist tested\u003C\/li\u003E\u003C\/ul\u003E","url":"\/product\/13838\/46139\/products\/makeup\/eyes\/liner\/jumbo-penultimate-eye-liner-james-kaliardos","category":{"CAT_BASE_ID":13838,"BREADCRUMB_MENU_CAT_ID":null,"url":"\/products\/13838\/products\/makeup\/eyes\/liner","DESCRIPTION":null,"CATEGORY_ID":"CAT13838","CATEGORY_NAME":"Liner","ROOTS1":null},"RATING_IMAGE":"\/images\/products\/stars\/rating-1_0.gif","isShoppable":1,"IMAGE_COLLECTION":"\/media\/export\/cms\/products\/collection\/mac_collection_S4F001.jpg","IMAGE_SMOOSH":"\/media\/export\/cms\/products\/smoosh\/mac_smoosh_S4F001.jpg","PRODUCT_USAGE":"\u003Cul\u003E\u003Cli\u003E Apply to dry and grease-free lids. \u003C\/li\u003E\u003Cli\u003E Remove with Pro Eye Makeup Remover. \u003C\/li\u003E\u003C\/ul\u003E","AVERAGE_RATING":1,"RATING_RANGE":5,"TOTAL_REVIEW_COUNT":1,"DEFAULT_CAT_ID":"CAT13838","worksWithSkuIds":["SKU77221","SKU77225","SKU2937","SKU77228","SKU38895","SKU1294"],"DESCRIPTION":"A jumbo-sized version of our classic Penultimate Eye Liner. The liquid pen-style liner provides the ultimate thick line in a rich, deep carbon black shade. Glides on in one steady stroke to style any fashion of eye line. Dries quickly. Custom packaging in matte black with James\u2019 signature in gold.","worksWith":["PROD46136","PROD46137","PROD340","PROD46138","PROD19432","PROD263"],"AWARD_1":null,"PARENT_CAT_ID":"CAT13838","PRODUCT_ID":"PROD46139","palette":0,"CUSTOM_PALETTE_MEDIUM_IMAGE":null,"CUSTOM_PALETTE_LARGE_IMAGE":null,"PROD_BASE_ID":46139,"PROD_RGN_NAME":"Jumbo Penultimate Eye Liner \/ James Kaliardos","SUB_LINE":null,"sized":0,"skus":[{"LARGE_IMAGE":["\/media\/export\/cms\/products\/640x600\/mac_sku_S4F001_640x600_0.jpg"],"highVelocityQty":-1,"LIFE_OF_PRODUCT":1,"MEDIUM_IMAGE":["\/media\/export\/cms\/products\/280x320\/mac_sku_S4F001_280x320_0.jpg"],"PRO_FLAG":0,"PRICE":16.5,"CUSTOM_PALETTE_SMALL_IMAGE":null,"isLimitedRemaining":0,"formattedPrice2":"\u00a316.50 ","formattedUnitPrice":"","FLASH_DESC":null,"PRODUCT_CODE":"S4F001","isShoppable":1,"IMAGE_COLLECTION":"\/media\/export\/cms\/products\/collection\/mac_collection_S4F001.jpg","IMAGE_SMOOSH":"\/media\/export\/cms\/products\/smoosh\/mac_smoosh_S4F001.jpg","UNDERTONE":null,"isOrderable":1,"USE_WITH":null,"SKU_ID":"SKU77230","FINISH":null,"PRODUCT_FORM":null,"SKU_MULTISHADED_IMAGE":"\/media\/export\/cms\/products\/smoosh\/mac_smoosh_S4F001.jpg","worksWith":null,"formattedPrice":"\u00a316.50 ","SKU_MULTISHADED_IMAGE_HOVER":"\/media\/export\/cms\/products\/smoosh\/mac_smoosh_S4F001_1.jpg","PARENT_CAT_ID":"CAT13838","PRODUCT_ID":"PROD46139","CUSTOM_PALETTE_MEDIUM_IMAGE":null,"CUSTOM_PALETTE_LARGE_IMAGE":null,"SKU_NOTES":null,"PRODUCT_SIZE":"2.5 ml","DEFAULT_SKU":0,"INTENSITY":null,"SHADE_DESCRIPTION":"True black","PRODUCT_TYPE":null,"INVENTORY_STATUS":1,"SMALL_IMAGE":"\/media\/export\/cms\/products\/124x163\/mac_sku_S4F001_124x163_0.jpg","PRICE_CHANGE_DATE":null,"ATTRIBUTE_COLOR_FAMILY":null,"SHADENAME":"Rapidblack","isComingSoon":0,"RESTRICT_GROUP":null,"COVERAGE":null,"HEX_VALUE_STRING":"#2c2b30","FIBRE":null,"path":"CAT13838PROD46139SKU77230","SKU_BASE_ID":77230,"FUTURE_PRICE":16.5,"DISPLAY_ORDER":0,"REFILLABLE":0,"AREA_OF_FACE":null,"USE":null,"PRICE2":null,"DISPLAY_STATUS":7}],"PRODUCT_TYPE":1,"IS_MULTISHADED":null,"FORMULA":null,"SMALL_IMAGE":"\/media\/export\/cms\/products\/124x163\/mac_sku_S4F001_124x163_0.jpg","AVERAGE_RATING_ROUNDED":1,"RESTRICT_GROUP":null,"PROD_RGN_SUBHEADING":null,"RECOMMENDED_PERCENT":0,"SHORT_DESC":"A jumbo liquid pen-style liner that provides the ultimate bold line.","path":"CAT13838PROD46139","RECOMMENDED_COUNT":0,"shaded":false,"DISPLAY_STATUS":7,"buildCanonicalURL":"\/product\/13838\/46139\/products\/makeup\/eyes\/liner\/jumbo-penultimate-eye-liner-james-kaliardos","ONLY_RATINGS_COUNT":0,"sku_as_product":true,"defaultSku":{"LARGE_IMAGE":["\/media\/export\/cms\/products\/640x600\/mac_sku_S4F001_640x600_0.jpg"],"highVelocityQty":-1,"LIFE_OF_PRODUCT":1,"MEDIUM_IMAGE":"\/media\/export\/cms\/products\/280x320\/mac_sku_S4F001_280x320_0.jpg","PRO_FLAG":0,"PRICE":16.5,"CUSTOM_PALETTE_SMALL_IMAGE":null,"isLimitedRemaining":0,"formattedPrice2":"\u00a316.50 ","formattedUnitPrice":"","FLASH_DESC":null,"PRODUCT_CODE":"S4F001","isShoppable":1,"IMAGE_COLLECTION":"\/media\/export\/cms\/products\/collection\/mac_collection_S4F001.jpg","IMAGE_SMOOSH":"\/media\/export\/cms\/products\/smoosh\/mac_smoosh_S4F001.jpg","UNDERTONE":null,"isOrderable":1,"USE_WITH":null,"SKU_ID":"SKU77230","FINISH":null,"PRODUCT_FORM":null,"SKU_MULTISHADED_IMAGE":"\/media\/export\/cms\/products\/smoosh\/mac_smoosh_S4F001.jpg","worksWith":null,"formattedPrice":"\u00a316.50 ","SKU_MULTISHADED_IMAGE_HOVER":"\/media\/export\/cms\/products\/smoosh\/mac_smoosh_S4F001_1.jpg","PARENT_CAT_ID":"CAT13838","PRODUCT_ID":"PROD46139","CUSTOM_PALETTE_MEDIUM_IMAGE":null,"CUSTOM_PALETTE_LARGE_IMAGE":null,"SKU_NOTES":null,"PRODUCT_SIZE":"2.5 ml","DEFAULT_SKU":0,"INTENSITY":null,"SHADE_DESCRIPTION":"True black","PRODUCT_TYPE":null,"INVENTORY_STATUS":1,"SMALL_IMAGE":"\/media\/export\/cms\/products\/124x163\/mac_sku_S4F001_124x163_0.jpg","PRICE_CHANGE_DATE":null,"ATTRIBUTE_COLOR_FAMILY":null,"SHADENAME":"Rapidblack","isComingSoon":0,"RESTRICT_GROUP":null,"COVERAGE":null,"HEX_VALUE_STRING":"#2c2b30","FIBRE":null,"path":"CAT13838PROD46139SKU77230","SKU_BASE_ID":77230,"FUTURE_PRICE":16.5,"DISPLAY_ORDER":0,"REFILLABLE":0,"AREA_OF_FACE":null,"USE":null,"PRICE2":null,"DISPLAY_STATUS":7},"qs_shade_route":"#\/shade\/Rapidblack","spp_show_shade_filter":true,"single_shade":true},{"NAME_SHORT":null,"LARGE_IMAGE":["\/media\/export\/cms\/products\/640x600\/mac_sku_M1EF_640x600_0.jpg"],"AVERAGE_RATING_PERCENT":80,"PRODUCT_BUZZWORDS":"Mechanical-Style, Self-Sharpening, Defining","MEDIUM_IMAGE":"\/media\/export\/cms\/products\/280x320\/mac_sku_M1EF_280x320_0.jpg","PRO_FLAG":0,"CUSTOM_PALETTE_SMALL_IMAGE":null,"CLAIMS":"\u003Cul\u003E\u003Cli\u003EOphthalmologist tested\u003C\/li\u003E\u003C\/ul\u003E","url":"\/product\/13834\/263\/products\/makeup\/eyes\/brow\/eye-brows","category":{"CAT_BASE_ID":13834,"BREADCRUMB_MENU_CAT_ID":null,"url":"\/products\/13834\/products\/makeup\/eyes\/brow","DESCRIPTION":null,"CATEGORY_ID":"CAT13834","CATEGORY_NAME":"Brow","ROOTS1":null},"RATING_IMAGE":"\/images\/products\/stars\/rating-4_0.gif","isShoppable":1,"IMAGE_COLLECTION":"\/media\/export\/cms\/products\/collection\/mac_collection_M1EF.jpg","IMAGE_SMOOSH":"\/media\/export\/cms\/products\/smoosh\/mac_smoosh_M1EF.jpg","PRODUCT_USAGE":"\u003Cul\u003E\u003Cli\u003EApply to brows to fill in, define and add colour.\u003C\/li\u003E\u003C\/ul\u003E","AVERAGE_RATING":4,"RATING_RANGE":5,"TOTAL_REVIEW_COUNT":1,"DEFAULT_CAT_ID":"CAT13834","worksWithSkuIds":["SKU5392","SKU2961","SKU4914","SKU42595","SKU43106","SKU45408"],"DESCRIPTION":"Self-propelling, self-sharpening, brow-defining. Confidently adds what you need: shape, colour and\/or density in one streamlined tool. Like a pen, creates its own just-right point for striking arches. Easy to tote around \u2013 no sharpener needed.","worksWith":["PROD351","PROD305","PROD1480","PROD22077","PROD22412","PROD23781"],"AWARD_1":null,"PARENT_CAT_ID":"CAT13834","PRODUCT_ID":"PROD263","palette":0,"CUSTOM_PALETTE_MEDIUM_IMAGE":null,"CUSTOM_PALETTE_LARGE_IMAGE":null,"PROD_BASE_ID":263,"PROD_RGN_NAME":"Eye Brows","SUB_LINE":null,"sized":0,"skus":[{"LARGE_IMAGE":["\/media\/export\/cms\/products\/640x600\/mac_sku_M1EF01_640x600_0.jpg"],"highVelocityQty":-1,"LIFE_OF_PRODUCT":2,"MEDIUM_IMAGE":["\/media\/export\/cms\/products\/280x320\/mac_sku_M1EF01_280x320_0.jpg"],"PRO_FLAG":0,"PRICE":14.5,"CUSTOM_PALETTE_SMALL_IMAGE":null,"isLimitedRemaining":0,"formattedPrice2":"\u00a314.50 ","formattedUnitPrice":"","FLASH_DESC":null,"PRODUCT_CODE":"M1EF01","isShoppable":1,"IMAGE_COLLECTION":"\/media\/export\/cms\/products\/collection\/mac_collection_M1EF01.jpg","IMAGE_SMOOSH":"\/media\/export\/cms\/products\/smoosh\/mac_smoosh_M1EF01.jpg","UNDERTONE":null,"isOrderable":1,"USE_WITH":null,"SKU_ID":"SKU1294","FINISH":null,"PRODUCT_FORM":"pencil","SKU_MULTISHADED_IMAGE":"\/media\/export\/cms\/products\/smoosh\/mac_smoosh_M1EF01.jpg","worksWith":null,"formattedPrice":"\u00a314.50 ","SKU_MULTISHADED_IMAGE_HOVER":"\/media\/export\/cms\/products\/smoosh\/mac_smoosh_M1EF01_1.jpg","PARENT_CAT_ID":"CAT13834","PRODUCT_ID":"PROD263","CUSTOM_PALETTE_MEDIUM_IMAGE":null,"CUSTOM_PALETTE_LARGE_IMAGE":null,"SKU_NOTES":null,"PRODUCT_SIZE":"0.09g","DEFAULT_SKU":0,"INTENSITY":null,"SHADE_DESCRIPTION":"Light taupe ash blonde","PRODUCT_TYPE":null,"INVENTORY_STATUS":1,"SMALL_IMAGE":"\/media\/export\/cms\/products\/124x163\/mac_sku_M1EF01_124x163_0.jpg","PRICE_CHANGE_DATE":null,"ATTRIBUTE_COLOR_FAMILY":"taupe","SHADENAME":"Fling","isComingSoon":0,"RESTRICT_GROUP":null,"COVERAGE":"sheer","HEX_VALUE_STRING":"#b29d85","FIBRE":null,"path":"CAT13834PROD263SKU1294","SKU_BASE_ID":1294,"FUTURE_PRICE":14.5,"DISPLAY_ORDER":0,"REFILLABLE":0,"AREA_OF_FACE":"eyes","USE":null,"PRICE2":null,"DISPLAY_STATUS":7},{"LARGE_IMAGE":["\/media\/export\/cms\/products\/640x600\/mac_sku_M1EF14_640x600_0.jpg"],"highVelocityQty":-1,"LIFE_OF_PRODUCT":2,"MEDIUM_IMAGE":["\/media\/export\/cms\/products\/280x320\/mac_sku_M1EF14_280x320_0.jpg"],"PRO_FLAG":0,"PRICE":14.5,"CUSTOM_PALETTE_SMALL_IMAGE":null,"isLimitedRemaining":0,"formattedPrice2":"\u00a314.50 ","formattedUnitPrice":"","FLASH_DESC":null,"PRODUCT_CODE":"M1EF14","isShoppable":1,"IMAGE_COLLECTION":"\/media\/export\/cms\/products\/collection\/mac_collection_M1EF14.jpg","IMAGE_SMOOSH":"\/media\/export\/cms\/products\/smoosh\/mac_smoosh_M1EF14.jpg","UNDERTONE":null,"isOrderable":1,"USE_WITH":null,"SKU_ID":"SKU62065","FINISH":null,"PRODUCT_FORM":null,"SKU_MULTISHADED_IMAGE":"\/media\/export\/cms\/products\/smoosh\/mac_smoosh_M1EF14.jpg","worksWith":null,"formattedPrice":"\u00a314.50 ","SKU_MULTISHADED_IMAGE_HOVER":"\/media\/export\/cms\/products\/smoosh\/mac_smoosh_M1EF14_1.jpg","PARENT_CAT_ID":"CAT13834","PRODUCT_ID":"PROD263","CUSTOM_PALETTE_MEDIUM_IMAGE":null,"CUSTOM_PALETTE_LARGE_IMAGE":null,"SKU_NOTES":null,"PRODUCT_SIZE":"0.09g","DEFAULT_SKU":0,"INTENSITY":null,"SHADE_DESCRIPTION":"Cork taupe","PRODUCT_TYPE":null,"INVENTORY_STATUS":1,"SMALL_IMAGE":"\/media\/export\/cms\/products\/124x163\/mac_sku_M1EF14_124x163_0.jpg","PRICE_CHANGE_DATE":null,"ATTRIBUTE_COLOR_FAMILY":null,"SHADENAME":"Delineated","isComingSoon":0,"RESTRICT_GROUP":null,"COVERAGE":null,"HEX_VALUE_STRING":"#a1826d","FIBRE":null,"path":"CAT13834PROD263SKU62065","SKU_BASE_ID":62065,"FUTURE_PRICE":14.5,"DISPLAY_ORDER":1,"REFILLABLE":0,"AREA_OF_FACE":null,"USE":null,"PRICE2":null,"DISPLAY_STATUS":7},{"LARGE_IMAGE":["\/media\/export\/cms\/products\/640x600\/mac_sku_M1EF02_640x600_0.jpg"],"highVelocityQty":-1,"LIFE_OF_PRODUCT":2,"MEDIUM_IMAGE":["\/media\/export\/cms\/products\/280x320\/mac_sku_M1EF02_280x320_0.jpg"],"PRO_FLAG":0,"PRICE":14.5,"CUSTOM_PALETTE_SMALL_IMAGE":null,"isLimitedRemaining":0,"formattedPrice2":"\u00a314.50 ","formattedUnitPrice":"","FLASH_DESC":null,"PRODUCT_CODE":"M1EF02","isShoppable":1,"IMAGE_COLLECTION":"\/media\/export\/cms\/products\/collection\/mac_collection_M1EF02.jpg","IMAGE_SMOOSH":"\/media\/export\/cms\/products\/smoosh\/mac_smoosh_M1EF02.jpg","UNDERTONE":null,"isOrderable":1,"USE_WITH":null,"SKU_ID":"SKU1295","FINISH":null,"PRODUCT_FORM":"pencil","SKU_MULTISHADED_IMAGE":"\/media\/export\/cms\/products\/smoosh\/mac_smoosh_M1EF02.jpg","worksWith":null,"formattedPrice":"\u00a314.50 ","SKU_MULTISHADED_IMAGE_HOVER":"\/media\/export\/cms\/products\/smoosh\/mac_smoosh_M1EF02_1.jpg","PARENT_CAT_ID":"CAT13834","PRODUCT_ID":"PROD263","CUSTOM_PALETTE_MEDIUM_IMAGE":null,"CUSTOM_PALETTE_LARGE_IMAGE":null,"SKU_NOTES":null,"PRODUCT_SIZE":"0.09g","DEFAULT_SKU":0,"INTENSITY":null,"SHADE_DESCRIPTION":"Mid-tone bronzed brown","PRODUCT_TYPE":null,"INVENTORY_STATUS":1,"SMALL_IMAGE":"\/media\/export\/cms\/products\/124x163\/mac_sku_M1EF02_124x163_0.jpg","PRICE_CHANGE_DATE":null,"ATTRIBUTE_COLOR_FAMILY":"brown","SHADENAME":"Strut","isComingSoon":0,"RESTRICT_GROUP":null,"COVERAGE":"sheer","HEX_VALUE_STRING":"#8d5b5a","FIBRE":null,"path":"CAT13834PROD263SKU1295","SKU_BASE_ID":1295,"FUTURE_PRICE":14.5,"DISPLAY_ORDER":2,"REFILLABLE":0,"AREA_OF_FACE":"eyes","USE":null,"PRICE2":null,"DISPLAY_STATUS":7},{"LARGE_IMAGE":["\/media\/export\/cms\/products\/640x600\/mac_sku_M1EF13_640x600_0.jpg"],"highVelocityQty":-1,"LIFE_OF_PRODUCT":2,"MEDIUM_IMAGE":["\/media\/export\/cms\/products\/280x320\/mac_sku_M1EF13_280x320_0.jpg"],"PRO_FLAG":0,"PRICE":14.5,"CUSTOM_PALETTE_SMALL_IMAGE":null,"isLimitedRemaining":0,"formattedPrice2":"\u00a314.50 ","formattedUnitPrice":"","FLASH_DESC":null,"PRODUCT_CODE":"M1EF13","isShoppable":1,"IMAGE_COLLECTION":"\/media\/export\/cms\/products\/collection\/mac_collection_M1EF13.jpg","IMAGE_SMOOSH":"\/media\/export\/cms\/products\/smoosh\/mac_smoosh_M1EF13.jpg","UNDERTONE":null,"isOrderable":1,"USE_WITH":null,"SKU_ID":"SKU62064","FINISH":null,"PRODUCT_FORM":null,"SKU_MULTISHADED_IMAGE":"\/media\/export\/cms\/products\/smoosh\/mac_smoosh_M1EF13.jpg","worksWith":null,"formattedPrice":"\u00a314.50 ","SKU_MULTISHADED_IMAGE_HOVER":"\/media\/export\/cms\/products\/smoosh\/mac_smoosh_M1EF13_1.jpg","PARENT_CAT_ID":"CAT13834","PRODUCT_ID":"PROD263","CUSTOM_PALETTE_MEDIUM_IMAGE":null,"CUSTOM_PALETTE_LARGE_IMAGE":null,"SKU_NOTES":null,"PRODUCT_SIZE":"0.09g","DEFAULT_SKU":0,"INTENSITY":null,"SHADE_DESCRIPTION":"Ashy grey brown","PRODUCT_TYPE":null,"INVENTORY_STATUS":1,"SMALL_IMAGE":"\/media\/export\/cms\/products\/124x163\/mac_sku_M1EF13_124x163_0.jpg","PRICE_CHANGE_DATE":null,"ATTRIBUTE_COLOR_FAMILY":null,"SHADENAME":"Accentuated","isComingSoon":0,"RESTRICT_GROUP":null,"COVERAGE":null,"HEX_VALUE_STRING":"#725a4d","FIBRE":null,"path":"CAT13834PROD263SKU62064","SKU_BASE_ID":62064,"FUTURE_PRICE":14.5,"DISPLAY_ORDER":3,"REFILLABLE":0,"AREA_OF_FACE":null,"USE":null,"PRICE2":null,"DISPLAY_STATUS":7},{"LARGE_IMAGE":["\/media\/export\/cms\/products\/640x600\/mac_sku_M1EF11_640x600_0.jpg","\/media\/export\/cms\/products\/640x600\/mac_sku_M1EF11_640x600_1.jpg"],"highVelocityQty":-1,"LIFE_OF_PRODUCT":2,"MEDIUM_IMAGE":["\/media\/export\/cms\/products\/280x320\/mac_sku_M1EF11_280x320_0.jpg"],"PRO_FLAG":0,"PRICE":14.5,"CUSTOM_PALETTE_SMALL_IMAGE":null,"isLimitedRemaining":0,"formattedPrice2":"\u00a314.50 ","formattedUnitPrice":"","FLASH_DESC":null,"PRODUCT_CODE":"M1EF11","isShoppable":1,"IMAGE_COLLECTION":"\/media\/export\/cms\/products\/collection\/mac_collection_M1EF11.jpg","IMAGE_SMOOSH":"\/media\/export\/cms\/products\/smoosh\/mac_smoosh_M1EF11.jpg","UNDERTONE":null,"isOrderable":1,"USE_WITH":null,"SKU_ID":"SKU10861","FINISH":null,"PRODUCT_FORM":null,"SKU_MULTISHADED_IMAGE":"\/media\/export\/cms\/products\/smoosh\/mac_smoosh_M1EF11.jpg","worksWith":null,"formattedPrice":"\u00a314.50 ","SKU_MULTISHADED_IMAGE_HOVER":"\/media\/export\/cms\/products\/smoosh\/mac_smoosh_M1EF11_1.jpg","PARENT_CAT_ID":"CAT13834","PRODUCT_ID":"PROD263","CUSTOM_PALETTE_MEDIUM_IMAGE":null,"CUSTOM_PALETTE_LARGE_IMAGE":null,"SKU_NOTES":null,"PRODUCT_SIZE":"0.09g","DEFAULT_SKU":0,"INTENSITY":null,"SHADE_DESCRIPTION":"Grey Brown","PRODUCT_TYPE":null,"INVENTORY_STATUS":1,"SMALL_IMAGE":"\/media\/export\/cms\/products\/124x163\/mac_sku_M1EF11_124x163_0.jpg","PRICE_CHANGE_DATE":null,"ATTRIBUTE_COLOR_FAMILY":null,"SHADENAME":"Brunette","isComingSoon":0,"RESTRICT_GROUP":null,"COVERAGE":null,"HEX_VALUE_STRING":"#503F2F","FIBRE":null,"path":"CAT13834PROD263SKU10861","SKU_BASE_ID":10861,"FUTURE_PRICE":14.5,"DISPLAY_ORDER":4,"REFILLABLE":0,"AREA_OF_FACE":null,"USE":null,"PRICE2":null,"DISPLAY_STATUS":7},{"LARGE_IMAGE":["\/media\/export\/cms\/products\/640x600\/mac_sku_M1EF06_640x600_0.jpg","\/media\/export\/cms\/products\/640x600\/mac_sku_M1EF06_640x600_1.jpg"],"highVelocityQty":-1,"LIFE_OF_PRODUCT":2,"MEDIUM_IMAGE":["\/media\/export\/cms\/products\/280x320\/mac_sku_M1EF06_280x320_0.jpg"],"PRO_FLAG":0,"PRICE":14.5,"CUSTOM_PALETTE_SMALL_IMAGE":null,"isLimitedRemaining":0,"formattedPrice2":"\u00a314.50 ","formattedUnitPrice":"","FLASH_DESC":null,"PRODUCT_CODE":"M1EF06","isShoppable":1,"IMAGE_COLLECTION":"\/media\/export\/cms\/products\/collection\/mac_collection_M1EF06.jpg","IMAGE_SMOOSH":"\/media\/export\/cms\/products\/smoosh\/mac_smoosh_M1EF06.jpg","UNDERTONE":null,"isOrderable":1,"USE_WITH":null,"SKU_ID":"SKU1299","FINISH":null,"PRODUCT_FORM":"pencil","SKU_MULTISHADED_IMAGE":"\/media\/export\/cms\/products\/smoosh\/mac_smoosh_M1EF06.jpg","worksWith":null,"formattedPrice":"\u00a314.50 ","SKU_MULTISHADED_IMAGE_HOVER":"\/media\/export\/cms\/products\/smoosh\/mac_smoosh_M1EF06_1.jpg","PARENT_CAT_ID":"CAT13834","PRODUCT_ID":"PROD263","CUSTOM_PALETTE_MEDIUM_IMAGE":null,"CUSTOM_PALETTE_LARGE_IMAGE":null,"SKU_NOTES":null,"PRODUCT_SIZE":"0.09g","DEFAULT_SKU":0,"INTENSITY":null,"SHADE_DESCRIPTION":"Soft taupe brown","PRODUCT_TYPE":null,"INVENTORY_STATUS":1,"SMALL_IMAGE":"\/media\/export\/cms\/products\/124x163\/mac_sku_M1EF06_124x163_0.jpg","PRICE_CHANGE_DATE":null,"ATTRIBUTE_COLOR_FAMILY":"brown","SHADENAME":"Lingering ","isComingSoon":0,"RESTRICT_GROUP":null,"COVERAGE":"medium","HEX_VALUE_STRING":"#7D5248","FIBRE":null,"path":"CAT13834PROD263SKU1299","SKU_BASE_ID":1299,"FUTURE_PRICE":14.5,"DISPLAY_ORDER":5,"REFILLABLE":0,"AREA_OF_FACE":"eyes","USE":null,"PRICE2":null,"DISPLAY_STATUS":7},{"LARGE_IMAGE":["\/media\/export\/cms\/products\/640x600\/mac_sku_M1EF04_640x600_0.jpg"],"highVelocityQty":-1,"LIFE_OF_PRODUCT":2,"MEDIUM_IMAGE":["\/media\/export\/cms\/products\/280x320\/mac_sku_M1EF04_280x320_0.jpg"],"PRO_FLAG":0,"PRICE":14.5,"CUSTOM_PALETTE_SMALL_IMAGE":null,"isLimitedRemaining":0,"formattedPrice2":"\u00a314.50 ","formattedUnitPrice":"","FLASH_DESC":null,"PRODUCT_CODE":"M1EF04","isShoppable":1,"IMAGE_COLLECTION":"\/media\/export\/cms\/products\/collection\/mac_collection_M1EF04.jpg","IMAGE_SMOOSH":"\/media\/export\/cms\/products\/smoosh\/mac_smoosh_M1EF04.jpg","UNDERTONE":null,"isOrderable":1,"USE_WITH":null,"SKU_ID":"SKU1297","FINISH":null,"PRODUCT_FORM":"pencil","SKU_MULTISHADED_IMAGE":"\/media\/export\/cms\/products\/smoosh\/mac_smoosh_M1EF04.jpg","worksWith":null,"formattedPrice":"\u00a314.50 ","SKU_MULTISHADED_IMAGE_HOVER":"\/media\/export\/cms\/products\/smoosh\/mac_smoosh_M1EF04_1.jpg","PARENT_CAT_ID":"CAT13834","PRODUCT_ID":"PROD263","CUSTOM_PALETTE_MEDIUM_IMAGE":null,"CUSTOM_PALETTE_LARGE_IMAGE":null,"SKU_NOTES":null,"PRODUCT_SIZE":"0.09g","DEFAULT_SKU":0,"INTENSITY":null,"SHADE_DESCRIPTION":"Rich brunette","PRODUCT_TYPE":null,"INVENTORY_STATUS":1,"SMALL_IMAGE":"\/media\/export\/cms\/products\/124x163\/mac_sku_M1EF04_124x163_0.jpg","PRICE_CHANGE_DATE":null,"ATTRIBUTE_COLOR_FAMILY":"brown_black","SHADENAME":"Spiked","isComingSoon":0,"RESTRICT_GROUP":null,"COVERAGE":"medium","HEX_VALUE_STRING":"#695751","FIBRE":null,"path":"CAT13834PROD263SKU1297","SKU_BASE_ID":1297,"FUTURE_PRICE":14.5,"DISPLAY_ORDER":6,"REFILLABLE":0,"AREA_OF_FACE":"eyes","USE":null,"PRICE2":null,"DISPLAY_STATUS":7},{"LARGE_IMAGE":["\/media\/export\/cms\/products\/640x600\/mac_sku_M1EF03_640x600_0.jpg"],"highVelocityQty":-1,"LIFE_OF_PRODUCT":2,"MEDIUM_IMAGE":["\/media\/export\/cms\/products\/280x320\/mac_sku_M1EF03_280x320_0.jpg"],"PRO_FLAG":0,"PRICE":14.5,"CUSTOM_PALETTE_SMALL_IMAGE":null,"isLimitedRemaining":0,"formattedPrice2":"\u00a314.50 ","formattedUnitPrice":"","FLASH_DESC":null,"PRODUCT_CODE":"M1EF03","isShoppable":1,"IMAGE_COLLECTION":"\/media\/export\/cms\/products\/collection\/mac_collection_M1EF03.jpg","IMAGE_SMOOSH":"\/media\/export\/cms\/products\/smoosh\/mac_smoosh_M1EF03.jpg","UNDERTONE":null,"isOrderable":1,"USE_WITH":null,"SKU_ID":"SKU1296","FINISH":null,"PRODUCT_FORM":"pencil","SKU_MULTISHADED_IMAGE":"\/media\/export\/cms\/products\/smoosh\/mac_smoosh_M1EF03.jpg","worksWith":null,"formattedPrice":"\u00a314.50 ","SKU_MULTISHADED_IMAGE_HOVER":"\/media\/export\/cms\/products\/smoosh\/mac_smoosh_M1EF03_1.jpg","PARENT_CAT_ID":"CAT13834","PRODUCT_ID":"PROD263","CUSTOM_PALETTE_MEDIUM_IMAGE":null,"CUSTOM_PALETTE_LARGE_IMAGE":null,"SKU_NOTES":null,"PRODUCT_SIZE":"0.09 g","DEFAULT_SKU":0,"INTENSITY":null,"SHADE_DESCRIPTION":"Deep rich blackened brown","PRODUCT_TYPE":null,"INVENTORY_STATUS":1,"SMALL_IMAGE":"\/media\/export\/cms\/products\/124x163\/mac_sku_M1EF03_124x163_0.jpg","PRICE_CHANGE_DATE":null,"ATTRIBUTE_COLOR_FAMILY":"brown_black","SHADENAME":"Stud","isComingSoon":0,"RESTRICT_GROUP":null,"COVERAGE":"sheer","HEX_VALUE_STRING":"#5a4c42","FIBRE":null,"path":"CAT13834PROD263SKU1296","SKU_BASE_ID":1296,"FUTURE_PRICE":14.5,"DISPLAY_ORDER":7,"REFILLABLE":0,"AREA_OF_FACE":"eyes","USE":null,"PRICE2":null,"DISPLAY_STATUS":7},{"LARGE_IMAGE":["\/media\/export\/cms\/products\/640x600\/mac_sku_M1EF12_640x600_0.jpg"],"highVelocityQty":-1,"LIFE_OF_PRODUCT":2,"MEDIUM_IMAGE":["\/media\/export\/cms\/products\/280x320\/mac_sku_M1EF12_280x320_0.jpg"],"PRO_FLAG":0,"PRICE":14.5,"CUSTOM_PALETTE_SMALL_IMAGE":null,"isLimitedRemaining":0,"formattedPrice2":"\u00a314.50 ","formattedUnitPrice":"","FLASH_DESC":null,"PRODUCT_CODE":"M1EF12","isShoppable":1,"IMAGE_COLLECTION":"\/media\/export\/cms\/products\/collection\/mac_collection_M1EF12.jpg","IMAGE_SMOOSH":"\/media\/export\/cms\/products\/smoosh\/mac_smoosh_M1EF12.jpg","UNDERTONE":null,"isOrderable":1,"USE_WITH":null,"SKU_ID":"SKU62063","FINISH":null,"PRODUCT_FORM":null,"SKU_MULTISHADED_IMAGE":"\/media\/export\/cms\/products\/smoosh\/mac_smoosh_M1EF12.jpg","worksWith":null,"formattedPrice":"\u00a314.50 ","SKU_MULTISHADED_IMAGE_HOVER":"\/media\/export\/cms\/products\/smoosh\/mac_smoosh_M1EF12_1.jpg","PARENT_CAT_ID":"CAT13834","PRODUCT_ID":"PROD263","CUSTOM_PALETTE_MEDIUM_IMAGE":null,"CUSTOM_PALETTE_LARGE_IMAGE":null,"SKU_NOTES":null,"PRODUCT_SIZE":"0.09g","DEFAULT_SKU":0,"INTENSITY":null,"SHADE_DESCRIPTION":"Red brown","PRODUCT_TYPE":null,"INVENTORY_STATUS":1,"SMALL_IMAGE":"\/media\/export\/cms\/products\/124x163\/mac_sku_M1EF12_124x163_0.jpg","PRICE_CHANGE_DATE":null,"ATTRIBUTE_COLOR_FAMILY":null,"SHADENAME":"Tapered","isComingSoon":0,"RESTRICT_GROUP":null,"COVERAGE":null,"HEX_VALUE_STRING":"#784f32","FIBRE":null,"path":"CAT13834PROD263SKU62063","SKU_BASE_ID":62063,"FUTURE_PRICE":14.5,"DISPLAY_ORDER":8,"REFILLABLE":0,"AREA_OF_FACE":null,"USE":null,"PRICE2":null,"DISPLAY_STATUS":7},{"LARGE_IMAGE":["\/media\/export\/cms\/products\/640x600\/mac_sku_M1EF15_640x600_0.jpg"],"highVelocityQty":-1,"LIFE_OF_PRODUCT":2,"MEDIUM_IMAGE":["\/media\/export\/cms\/products\/280x320\/mac_sku_M1EF15_280x320_0.jpg"],"PRO_FLAG":0,"PRICE":14.5,"CUSTOM_PALETTE_SMALL_IMAGE":null,"isLimitedRemaining":0,"formattedPrice2":"\u00a314.50 ","formattedUnitPrice":"","FLASH_DESC":null,"PRODUCT_CODE":"M1EF15","isShoppable":1,"IMAGE_COLLECTION":"\/media\/export\/cms\/products\/collection\/mac_collection_M1EF15.jpg","IMAGE_SMOOSH":"\/media\/export\/cms\/products\/smoosh\/mac_smoosh_M1EF15.jpg","UNDERTONE":null,"isOrderable":1,"USE_WITH":null,"SKU_ID":"SKU62066","FINISH":null,"PRODUCT_FORM":null,"SKU_MULTISHADED_IMAGE":"\/media\/export\/cms\/products\/smoosh\/mac_smoosh_M1EF15.jpg","worksWith":null,"formattedPrice":"\u00a314.50 ","SKU_MULTISHADED_IMAGE_HOVER":"\/media\/export\/cms\/products\/smoosh\/mac_smoosh_M1EF15_1.jpg","PARENT_CAT_ID":"CAT13834","PRODUCT_ID":"PROD263","CUSTOM_PALETTE_MEDIUM_IMAGE":null,"CUSTOM_PALETTE_LARGE_IMAGE":null,"SKU_NOTES":null,"PRODUCT_SIZE":"0.09g","DEFAULT_SKU":0,"INTENSITY":null,"SHADE_DESCRIPTION":"Brown","PRODUCT_TYPE":null,"INVENTORY_STATUS":1,"SMALL_IMAGE":"\/media\/export\/cms\/products\/124x163\/mac_sku_M1EF15_124x163_0.jpg","PRICE_CHANGE_DATE":null,"ATTRIBUTE_COLOR_FAMILY":null,"SHADENAME":"Stylized","isComingSoon":0,"RESTRICT_GROUP":null,"COVERAGE":null,"HEX_VALUE_STRING":"#51392c","FIBRE":null,"path":"CAT13834PROD263SKU62066","SKU_BASE_ID":62066,"FUTURE_PRICE":14.5,"DISPLAY_ORDER":9,"REFILLABLE":0,"AREA_OF_FACE":null,"USE":null,"PRICE2":null,"DISPLAY_STATUS":7}],"PRODUCT_TYPE":1,"IS_MULTISHADED":null,"FORMULA":null,"SMALL_IMAGE":"\/media\/export\/cms\/products\/124x163\/mac_sku_M1EF_124x163_0.jpg","AVERAGE_RATING_ROUNDED":4,"RESTRICT_GROUP":null,"PROD_RGN_SUBHEADING":null,"RECOMMENDED_PERCENT":0,"SHORT_DESC":"A self-propelling and self-sharpening brow definer that adds shape, colour and density.","path":"CAT13834PROD263","RECOMMENDED_COUNT":0,"shaded":1,"DISPLAY_STATUS":7,"buildCanonicalURL":"\/product\/13834\/263\/products\/makeup\/eyes\/brow\/eye-brows","ONLY_RATINGS_COUNT":0,"sku_as_product":true,"defaultSku":{"LARGE_IMAGE":["\/media\/export\/cms\/products\/640x600\/mac_sku_M1EF01_640x600_0.jpg"],"highVelocityQty":-1,"LIFE_OF_PRODUCT":2,"MEDIUM_IMAGE":"\/media\/export\/cms\/products\/280x320\/mac_sku_M1EF01_280x320_0.jpg","PRO_FLAG":0,"PRICE":14.5,"CUSTOM_PALETTE_SMALL_IMAGE":null,"isLimitedRemaining":0,"formattedPrice2":"\u00a314.50 ","formattedUnitPrice":"","FLASH_DESC":null,"PRODUCT_CODE":"M1EF01","isShoppable":1,"IMAGE_COLLECTION":"\/media\/export\/cms\/products\/collection\/mac_collection_M1EF01.jpg","IMAGE_SMOOSH":"\/media\/export\/cms\/products\/smoosh\/mac_smoosh_M1EF01.jpg","UNDERTONE":null,"isOrderable":1,"USE_WITH":null,"SKU_ID":"SKU1294","FINISH":null,"PRODUCT_FORM":"pencil","SKU_MULTISHADED_IMAGE":"\/media\/export\/cms\/products\/smoosh\/mac_smoosh_M1EF01.jpg","worksWith":null,"formattedPrice":"\u00a314.50 ","SKU_MULTISHADED_IMAGE_HOVER":"\/media\/export\/cms\/products\/smoosh\/mac_smoosh_M1EF01_1.jpg","PARENT_CAT_ID":"CAT13834","PRODUCT_ID":"PROD263","CUSTOM_PALETTE_MEDIUM_IMAGE":null,"CUSTOM_PALETTE_LARGE_IMAGE":null,"SKU_NOTES":null,"PRODUCT_SIZE":"0.09g","DEFAULT_SKU":0,"INTENSITY":null,"SHADE_DESCRIPTION":"Light taupe ash blonde","PRODUCT_TYPE":null,"INVENTORY_STATUS":1,"SMALL_IMAGE":"\/media\/export\/cms\/products\/124x163\/mac_sku_M1EF01_124x163_0.jpg","PRICE_CHANGE_DATE":null,"ATTRIBUTE_COLOR_FAMILY":"taupe","SHADENAME":"Fling","isComingSoon":0,"RESTRICT_GROUP":null,"COVERAGE":"sheer","HEX_VALUE_STRING":"#b29d85","FIBRE":null,"path":"CAT13834PROD263SKU1294","SKU_BASE_ID":1294,"FUTURE_PRICE":14.5,"DISPLAY_ORDER":0,"REFILLABLE":0,"AREA_OF_FACE":"eyes","USE":null,"PRICE2":null,"DISPLAY_STATUS":7},"qs_shade_route":"#\/shade\/Fling","sku_count":10,"spp_show_shade_filter":true,"single_shade":false},{"NAME_SHORT":null,"LARGE_IMAGE":["\/media\/export\/cms\/products\/640x600\/mac_sku_S4E4J4_640x600_0.jpg"],"AVERAGE_RATING_PERCENT":null,"PRODUCT_BUZZWORDS":"4 Shades, Satin\/ Lustre\/ Amplified\/Cremesheen Finishes, Limited Edition","MEDIUM_IMAGE":"\/media\/export\/cms\/products\/280x320\/mac_sku_S4E4J4_280x320_0.jpg","PRO_FLAG":0,"CUSTOM_PALETTE_SMALL_IMAGE":null,"CLAIMS":"\u003Cul\u003E\u003Cli\u003E Satin: semi-matte finish \u003C\/lI\u003E\u003Cli\u003E Lustre: semi-gloss finish \u003C\/li\u003E\u003Cli\u003E Amplified: cream finish \u003C\/li\u003E\u003Cli\u003E Cremesheen: high-shine finish \u003C\/li\u003E\u003C\/ul\u003E","url":"\/product\/13854\/46136\/products\/makeup\/lips\/lipstick\/lipstick-james-kaliardos","category":{"CAT_BASE_ID":13854,"BREADCRUMB_MENU_CAT_ID":null,"url":"\/products\/13854\/products\/makeup\/lips\/lipstick","DESCRIPTION":null,"CATEGORY_ID":"CAT13854","CATEGORY_NAME":"Lipstick","ROOTS1":null},"RATING_IMAGE":"\/images\/global\/transparent.gif","isShoppable":1,"IMAGE_COLLECTION":"\/media\/export\/cms\/products\/collection\/mac_collection_S4E4J4.jpg","IMAGE_SMOOSH":"\/media\/export\/cms\/products\/smoosh\/mac_smoosh_S4E4J4.jpg","PRODUCT_USAGE":"Apply directly to lips.","AVERAGE_RATING":null,"RATING_RANGE":null,"TOTAL_REVIEW_COUNT":null,"DEFAULT_CAT_ID":"CAT13854","worksWithSkuIds":["SKU2952","SKU77228","SKU38895","SKU77309","SKU77230","SKU77310"],"DESCRIPTION":"Formulated to shade, define and showcase the lips. Four hues in four textures. Custom packaging in matte black with James\u2019 signature in gold.","worksWith":["PROD340","PROD46138","PROD19432","PROD46219","PROD46139","PROD46220"],"AWARD_1":null,"PARENT_CAT_ID":"CAT13854","PRODUCT_ID":"PROD46136","palette":0,"CUSTOM_PALETTE_MEDIUM_IMAGE":null,"CUSTOM_PALETTE_LARGE_IMAGE":null,"PROD_BASE_ID":46136,"PROD_RGN_NAME":"Lipstick \/ James Kaliardos","SUB_LINE":null,"sized":0,"skus":[{"LARGE_IMAGE":["\/media\/export\/cms\/products\/640x600\/mac_sku_S4E5CX_640x600_0.jpg"],"highVelocityQty":-1,"LIFE_OF_PRODUCT":1,"MEDIUM_IMAGE":["\/media\/export\/cms\/products\/280x320\/mac_sku_S4E5CX_280x320_0.jpg"],"PRO_FLAG":0,"PRICE":16.5,"CUSTOM_PALETTE_SMALL_IMAGE":null,"isLimitedRemaining":0,"formattedPrice2":"\u00a316.50 ","formattedUnitPrice":"","FLASH_DESC":null,"PRODUCT_CODE":"S4E5CX","isShoppable":1,"IMAGE_COLLECTION":"\/media\/export\/cms\/products\/collection\/mac_collection_S4E5CX.jpg","IMAGE_SMOOSH":"\/media\/export\/cms\/products\/smoosh\/mac_smoosh_S4E5CX.jpg","UNDERTONE":null,"isOrderable":1,"USE_WITH":null,"SKU_ID":"SKU77222","FINISH":"Amplified","PRODUCT_FORM":null,"SKU_MULTISHADED_IMAGE":"\/media\/export\/cms\/products\/smoosh\/mac_smoosh_S4E5CX.jpg","worksWith":null,"formattedPrice":"\u00a316.50 ","SKU_MULTISHADED_IMAGE_HOVER":"\/media\/export\/cms\/products\/smoosh\/mac_smoosh_S4E5CX_1.jpg","PARENT_CAT_ID":"CAT13854","PRODUCT_ID":"PROD46136","CUSTOM_PALETTE_MEDIUM_IMAGE":null,"CUSTOM_PALETTE_LARGE_IMAGE":null,"SKU_NOTES":null,"PRODUCT_SIZE":"3 g","DEFAULT_SKU":0,"INTENSITY":null,"SHADE_DESCRIPTION":"Bluish midtone red","PRODUCT_TYPE":null,"INVENTORY_STATUS":1,"SMALL_IMAGE":"\/media\/export\/cms\/products\/124x163\/mac_sku_S4E5CX_124x163_0.jpg","PRICE_CHANGE_DATE":null,"ATTRIBUTE_COLOR_FAMILY":null,"SHADENAME":"Bloodstone","isComingSoon":0,"RESTRICT_GROUP":null,"COVERAGE":null,"HEX_VALUE_STRING":"#9f000e","FIBRE":null,"path":"CAT13854PROD46136SKU77222","SKU_BASE_ID":77222,"FUTURE_PRICE":16.5,"DISPLAY_ORDER":0,"REFILLABLE":0,"AREA_OF_FACE":null,"USE":null,"PRICE2":null,"DISPLAY_STATUS":7},{"LARGE_IMAGE":["\/media\/export\/cms\/products\/640x600\/mac_sku_S4E61T_640x600_0.jpg"],"highVelocityQty":-1,"LIFE_OF_PRODUCT":1,"MEDIUM_IMAGE":["\/media\/export\/cms\/products\/280x320\/mac_sku_S4E61T_280x320_0.jpg"],"PRO_FLAG":0,"PRICE":16.5,"CUSTOM_PALETTE_SMALL_IMAGE":null,"isLimitedRemaining":0,"formattedPrice2":"\u00a316.50 ","formattedUnitPrice":"","FLASH_DESC":null,"PRODUCT_CODE":"S4E61T","isShoppable":1,"IMAGE_COLLECTION":"\/media\/export\/cms\/products\/collection\/mac_collection_S4E61T.jpg","IMAGE_SMOOSH":"\/media\/export\/cms\/products\/smoosh\/mac_smoosh_S4E61T.jpg","UNDERTONE":null,"isOrderable":1,"USE_WITH":null,"SKU_ID":"SKU77223","FINISH":"Satin","PRODUCT_FORM":null,"SKU_MULTISHADED_IMAGE":"\/media\/export\/cms\/products\/smoosh\/mac_smoosh_S4E61T.jpg","worksWith":null,"formattedPrice":"\u00a316.50 ","SKU_MULTISHADED_IMAGE_HOVER":"\/media\/export\/cms\/products\/smoosh\/mac_smoosh_S4E61T_1.jpg","PARENT_CAT_ID":"CAT13854","PRODUCT_ID":"PROD46136","CUSTOM_PALETTE_MEDIUM_IMAGE":null,"CUSTOM_PALETTE_LARGE_IMAGE":null,"SKU_NOTES":null,"PRODUCT_SIZE":"3 g","DEFAULT_SKU":0,"INTENSITY":null,"SHADE_DESCRIPTION":"Deep reddish brown","PRODUCT_TYPE":null,"INVENTORY_STATUS":1,"SMALL_IMAGE":"\/media\/export\/cms\/products\/124x163\/mac_sku_S4E61T_124x163_0.jpg","PRICE_CHANGE_DATE":null,"ATTRIBUTE_COLOR_FAMILY":null,"SHADENAME":"Jasper","isComingSoon":0,"RESTRICT_GROUP":null,"COVERAGE":null,"HEX_VALUE_STRING":"#752221","FIBRE":null,"path":"CAT13854PROD46136SKU77223","SKU_BASE_ID":77223,"FUTURE_PRICE":16.5,"DISPLAY_ORDER":1,"REFILLABLE":0,"AREA_OF_FACE":null,"USE":null,"PRICE2":null,"DISPLAY_STATUS":7},{"LARGE_IMAGE":["\/media\/export\/cms\/products\/640x600\/mac_sku_S4E4J4_640x600_0.jpg"],"highVelocityQty":-1,"LIFE_OF_PRODUCT":1,"MEDIUM_IMAGE":["\/media\/export\/cms\/products\/280x320\/mac_sku_S4E4J4_280x320_0.jpg"],"PRO_FLAG":0,"PRICE":16.5,"CUSTOM_PALETTE_SMALL_IMAGE":null,"isLimitedRemaining":0,"formattedPrice2":"\u00a316.50 ","formattedUnitPrice":"","FLASH_DESC":null,"PRODUCT_CODE":"S4E4J4","isShoppable":1,"IMAGE_COLLECTION":"\/media\/export\/cms\/products\/collection\/mac_collection_S4E4J4.jpg","IMAGE_SMOOSH":"\/media\/export\/cms\/products\/smoosh\/mac_smoosh_S4E4J4.jpg","UNDERTONE":null,"isOrderable":1,"USE_WITH":null,"SKU_ID":"SKU77221","FINISH":"Lustre","PRODUCT_FORM":null,"SKU_MULTISHADED_IMAGE":"\/media\/export\/cms\/products\/smoosh\/mac_smoosh_S4E4J4.jpg","worksWith":null,"formattedPrice":"\u00a316.50 ","SKU_MULTISHADED_IMAGE_HOVER":"\/media\/export\/cms\/products\/smoosh\/mac_smoosh_S4E4J4_1.jpg","PARENT_CAT_ID":"CAT13854","PRODUCT_ID":"PROD46136","CUSTOM_PALETTE_MEDIUM_IMAGE":null,"CUSTOM_PALETTE_LARGE_IMAGE":null,"SKU_NOTES":null,"PRODUCT_SIZE":"3 g","DEFAULT_SKU":0,"INTENSITY":null,"SHADE_DESCRIPTION":"Lippy Pink","PRODUCT_TYPE":null,"INVENTORY_STATUS":1,"SMALL_IMAGE":"\/media\/export\/cms\/products\/124x163\/mac_sku_S4E4J4_124x163_0.jpg","PRICE_CHANGE_DATE":null,"ATTRIBUTE_COLOR_FAMILY":null,"SHADENAME":"Almondine","isComingSoon":0,"RESTRICT_GROUP":null,"COVERAGE":null,"HEX_VALUE_STRING":"#df7370","FIBRE":null,"path":"CAT13854PROD46136SKU77221","SKU_BASE_ID":77221,"FUTURE_PRICE":16.5,"DISPLAY_ORDER":2,"REFILLABLE":0,"AREA_OF_FACE":null,"USE":null,"PRICE2":null,"DISPLAY_STATUS":7},{"LARGE_IMAGE":["\/media\/export\/cms\/products\/640x600\/mac_sku_S4E708_640x600_0.jpg"],"highVelocityQty":-1,"LIFE_OF_PRODUCT":1,"MEDIUM_IMAGE":["\/media\/export\/cms\/products\/280x320\/mac_sku_S4E708_280x320_0.jpg"],"PRO_FLAG":0,"PRICE":16.5,"CUSTOM_PALETTE_SMALL_IMAGE":null,"isLimitedRemaining":0,"formattedPrice2":"\u00a316.50 ","formattedUnitPrice":"","FLASH_DESC":null,"PRODUCT_CODE":"S4E708","isShoppable":1,"IMAGE_COLLECTION":"\/media\/export\/cms\/products\/collection\/mac_collection_S4E708.jpg","IMAGE_SMOOSH":"\/media\/export\/cms\/products\/smoosh\/mac_smoosh_S4E708.jpg","UNDERTONE":null,"isOrderable":1,"USE_WITH":null,"SKU_ID":"SKU77224","FINISH":"Cremesheen","PRODUCT_FORM":null,"SKU_MULTISHADED_IMAGE":"\/media\/export\/cms\/products\/smoosh\/mac_smoosh_S4E708.jpg","worksWith":null,"formattedPrice":"\u00a316.50 ","SKU_MULTISHADED_IMAGE_HOVER":"\/media\/export\/cms\/products\/smoosh\/mac_smoosh_S4E708_1.jpg","PARENT_CAT_ID":"CAT13854","PRODUCT_ID":"PROD46136","CUSTOM_PALETTE_MEDIUM_IMAGE":null,"CUSTOM_PALETTE_LARGE_IMAGE":null,"SKU_NOTES":null,"PRODUCT_SIZE":"3 g","DEFAULT_SKU":0,"INTENSITY":null,"SHADE_DESCRIPTION":"Frosted light coral","PRODUCT_TYPE":null,"INVENTORY_STATUS":1,"SMALL_IMAGE":"\/media\/export\/cms\/products\/124x163\/mac_sku_S4E708_124x163_0.jpg","PRICE_CHANGE_DATE":null,"ATTRIBUTE_COLOR_FAMILY":null,"SHADENAME":"Coral Bliss","isComingSoon":0,"RESTRICT_GROUP":null,"COVERAGE":null,"HEX_VALUE_STRING":"#fa7677","FIBRE":null,"path":"CAT13854PROD46136SKU77224","SKU_BASE_ID":77224,"FUTURE_PRICE":16.5,"DISPLAY_ORDER":3,"REFILLABLE":0,"AREA_OF_FACE":null,"USE":null,"PRICE2":null,"DISPLAY_STATUS":7}],"PRODUCT_TYPE":1,"IS_MULTISHADED":null,"FORMULA":null,"SMALL_IMAGE":"\/media\/export\/cms\/products\/124x163\/mac_sku_S4E4J4_124x163_0.jpg","AVERAGE_RATING_ROUNDED":null,"RESTRICT_GROUP":null,"PROD_RGN_SUBHEADING":null,"RECOMMENDED_PERCENT":null,"SHORT_DESC":"A lipstick in four hues, packaged in limited-edition silver glitter and champagne gold.","path":"CAT13854PROD46136","RECOMMENDED_COUNT":null,"shaded":1,"DISPLAY_STATUS":7,"buildCanonicalURL":"\/product\/13854\/46136\/products\/makeup\/lips\/lipstick\/lipstick-james-kaliardos","ONLY_RATINGS_COUNT":null,"sku_as_product":true,"defaultSku":{"LARGE_IMAGE":["\/media\/export\/cms\/products\/640x600\/mac_sku_S4E61T_640x600_0.jpg"],"highVelocityQty":-1,"LIFE_OF_PRODUCT":1,"MEDIUM_IMAGE":"\/media\/export\/cms\/products\/280x320\/mac_sku_S4E61T_280x320_0.jpg","PRO_FLAG":0,"PRICE":16.5,"CUSTOM_PALETTE_SMALL_IMAGE":null,"isLimitedRemaining":0,"formattedPrice2":"\u00a316.50 ","formattedUnitPrice":"","FLASH_DESC":null,"PRODUCT_CODE":"S4E61T","isShoppable":1,"IMAGE_COLLECTION":"\/media\/export\/cms\/products\/collection\/mac_collection_S4E61T.jpg","IMAGE_SMOOSH":"\/media\/export\/cms\/products\/smoosh\/mac_smoosh_S4E61T.jpg","UNDERTONE":null,"isOrderable":1,"USE_WITH":null,"SKU_ID":"SKU77223","FINISH":"Satin","PRODUCT_FORM":null,"SKU_MULTISHADED_IMAGE":"\/media\/export\/cms\/products\/smoosh\/mac_smoosh_S4E61T.jpg","worksWith":null,"formattedPrice":"\u00a316.50 ","SKU_MULTISHADED_IMAGE_HOVER":"\/media\/export\/cms\/products\/smoosh\/mac_smoosh_S4E61T_1.jpg","PARENT_CAT_ID":"CAT13854","PRODUCT_ID":"PROD46136","CUSTOM_PALETTE_MEDIUM_IMAGE":null,"CUSTOM_PALETTE_LARGE_IMAGE":null,"SKU_NOTES":null,"PRODUCT_SIZE":"3 g","DEFAULT_SKU":0,"INTENSITY":null,"SHADE_DESCRIPTION":"Deep reddish brown","PRODUCT_TYPE":null,"INVENTORY_STATUS":1,"SMALL_IMAGE":"\/media\/export\/cms\/products\/124x163\/mac_sku_S4E61T_124x163_0.jpg","PRICE_CHANGE_DATE":null,"ATTRIBUTE_COLOR_FAMILY":null,"SHADENAME":"Jasper","isComingSoon":0,"RESTRICT_GROUP":null,"COVERAGE":null,"HEX_VALUE_STRING":"#752221","FIBRE":null,"path":"CAT13854PROD46136SKU77223","SKU_BASE_ID":77223,"FUTURE_PRICE":16.5,"DISPLAY_ORDER":1,"REFILLABLE":0,"AREA_OF_FACE":null,"USE":null,"PRICE2":null,"DISPLAY_STATUS":7},"qs_shade_route":"#\/shade\/Jasper","sku_count":4,"spp_show_shade_filter":true,"single_shade":false},{"NAME_SHORT":null,"LARGE_IMAGE":["\/media\/export\/cms\/products\/640x600\/mac_sku_S4F301_640x600_0.jpg"],"AVERAGE_RATING_PERCENT":60,"PRODUCT_BUZZWORDS":"3 Layered Shades in 1, Lustrous, Conditioning","MEDIUM_IMAGE":"\/media\/export\/cms\/products\/280x320\/mac_sku_S4F301_280x320_0.jpg","PRO_FLAG":0,"CUSTOM_PALETTE_SMALL_IMAGE":null,"CLAIMS":"\u003Cul\u003E\u003Cli\u003E Three stacked colours in one \u003C\/li\u003E\u003Cli\u003EProvides a luminous shine \u003C\/li\u003E\u003Cli\u003E Conditions lips \u003C\/li\u003E\u003Cli\u003E Features a non-tacky formula \u003C\/li\u003E\u003C\/ul\u003E","url":"\/product\/13853\/46137\/products\/makeup\/lips\/lipgloss\/tricolour-lipglass-james-kaliardos","category":{"CAT_BASE_ID":13853,"BREADCRUMB_MENU_CAT_ID":null,"url":"\/products\/13853\/products\/makeup\/lips\/lipgloss","DESCRIPTION":null,"CATEGORY_ID":"CAT13853","CATEGORY_NAME":"Lipgloss","ROOTS1":null},"RATING_IMAGE":"\/images\/products\/stars\/rating-3_0.gif","isShoppable":1,"IMAGE_COLLECTION":"\/media\/export\/cms\/products\/collection\/mac_collection_S4F301.jpg","IMAGE_SMOOSH":"\/media\/export\/cms\/products\/smoosh\/mac_smoosh_S4F301.jpg","PRODUCT_USAGE":"Apply directly to lips.","AVERAGE_RATING":3,"RATING_RANGE":5,"TOTAL_REVIEW_COUNT":1,"DEFAULT_CAT_ID":"CAT13853","worksWithSkuIds":["SKU77222","SKU77311","SKU77228","SKU77306","SKU38895","SKU77309"],"DESCRIPTION":"A triple-layered pearl-swirl of lip gloss in two shade combinations: pink-toned and bronze-toned. Each colour smoothly gradates into the next. The lightweight formula is loaded with conditioning ingredients to provide comfort. It leaves lips shiny and tinted with lustrous sheer colour. Custom packaging in matte black with James\u2019 signature in gold.","worksWith":["PROD46136","PROD46221","PROD46138","PROD46217","PROD19432","PROD46219"],"AWARD_1":null,"PARENT_CAT_ID":"CAT13853","PRODUCT_ID":"PROD46137","palette":0,"CUSTOM_PALETTE_MEDIUM_IMAGE":null,"CUSTOM_PALETTE_LARGE_IMAGE":null,"PROD_BASE_ID":46137,"PROD_RGN_NAME":"Tricolour Lipglass \/ James Kaliardos","SUB_LINE":null,"sized":0,"skus":[{"LARGE_IMAGE":["\/media\/export\/cms\/products\/640x600\/mac_sku_S4F302_640x600_0.jpg","\/media\/export\/cms\/products\/640x600\/mac_sku_S4F302_640x600_1.jpg"],"highVelocityQty":-1,"LIFE_OF_PRODUCT":1,"MEDIUM_IMAGE":["\/media\/export\/cms\/products\/280x320\/mac_sku_S4F302_280x320_0.jpg"],"PRO_FLAG":0,"PRICE":18,"CUSTOM_PALETTE_SMALL_IMAGE":null,"isLimitedRemaining":0,"formattedPrice2":"\u00a318.00 ","formattedUnitPrice":"","FLASH_DESC":null,"PRODUCT_CODE":"S4F302","isShoppable":0,"IMAGE_COLLECTION":"\/media\/export\/cms\/products\/collection\/mac_collection_S4F302.jpg","IMAGE_SMOOSH":"\/media\/export\/cms\/products\/smoosh\/mac_smoosh_S4F302.jpg","UNDERTONE":null,"isOrderable":0,"USE_WITH":null,"SKU_ID":"SKU77226","FINISH":null,"PRODUCT_FORM":null,"SKU_MULTISHADED_IMAGE":"\/media\/export\/cms\/products\/smoosh\/mac_smoosh_S4F302.jpg","worksWith":null,"formattedPrice":"\u00a318.00 ","SKU_MULTISHADED_IMAGE_HOVER":"\/media\/export\/cms\/products\/smoosh\/mac_smoosh_S4F302_1.jpg","PARENT_CAT_ID":"CAT13853","PRODUCT_ID":"PROD46137","CUSTOM_PALETTE_MEDIUM_IMAGE":null,"CUSTOM_PALETTE_LARGE_IMAGE":null,"SKU_NOTES":null,"PRODUCT_SIZE":"5 ml","DEFAULT_SKU":0,"INTENSITY":null,"SHADE_DESCRIPTION":"Sheer light peachy pink with gold and blue fine reflects","PRODUCT_TYPE":null,"INVENTORY_STATUS":7,"SMALL_IMAGE":"\/media\/export\/cms\/products\/124x163\/mac_sku_S4F302_124x163_0.jpg","PRICE_CHANGE_DATE":null,"ATTRIBUTE_COLOR_FAMILY":null,"SHADENAME":"Stratagloss Opalite","isComingSoon":0,"RESTRICT_GROUP":null,"COVERAGE":null,"HEX_VALUE_STRING":"#f0a295","FIBRE":null,"path":"CAT13853PROD46137SKU77226","SKU_BASE_ID":77226,"FUTURE_PRICE":18,"DISPLAY_ORDER":0,"REFILLABLE":0,"AREA_OF_FACE":null,"USE":null,"PRICE2":null,"DISPLAY_STATUS":7},{"LARGE_IMAGE":["\/media\/export\/cms\/products\/640x600\/mac_sku_S4F301_640x600_0.jpg","\/media\/export\/cms\/products\/640x600\/mac_sku_S4F301_640x600_1.jpg"],"highVelocityQty":-1,"LIFE_OF_PRODUCT":1,"MEDIUM_IMAGE":["\/media\/export\/cms\/products\/280x320\/mac_sku_S4F301_280x320_0.jpg"],"PRO_FLAG":0,"PRICE":18,"CUSTOM_PALETTE_SMALL_IMAGE":null,"isLimitedRemaining":0,"formattedPrice2":"\u00a318.00 ","formattedUnitPrice":"","FLASH_DESC":null,"PRODUCT_CODE":"S4F301","isShoppable":1,"IMAGE_COLLECTION":"\/media\/export\/cms\/products\/collection\/mac_collection_S4F301.jpg","IMAGE_SMOOSH":"\/media\/export\/cms\/products\/smoosh\/mac_smoosh_S4F301.jpg","UNDERTONE":null,"isOrderable":1,"USE_WITH":null,"SKU_ID":"SKU77225","FINISH":null,"PRODUCT_FORM":null,"SKU_MULTISHADED_IMAGE":"\/media\/export\/cms\/products\/smoosh\/mac_smoosh_S4F301.jpg","worksWith":null,"formattedPrice":"\u00a318.00 ","SKU_MULTISHADED_IMAGE_HOVER":"\/media\/export\/cms\/products\/smoosh\/mac_smoosh_S4F301_1.jpg","PARENT_CAT_ID":"CAT13853","PRODUCT_ID":"PROD46137","CUSTOM_PALETTE_MEDIUM_IMAGE":null,"CUSTOM_PALETTE_LARGE_IMAGE":null,"SKU_NOTES":null,"PRODUCT_SIZE":"5 ml","DEFAULT_SKU":0,"INTENSITY":null,"SHADE_DESCRIPTION":"Midtone pinky beige with fine gold reflects","PRODUCT_TYPE":null,"INVENTORY_STATUS":1,"SMALL_IMAGE":"\/media\/export\/cms\/products\/124x163\/mac_sku_S4F301_124x163_0.jpg","PRICE_CHANGE_DATE":null,"ATTRIBUTE_COLOR_FAMILY":null,"SHADENAME":"Stratagloss Pyrite","isComingSoon":0,"RESTRICT_GROUP":null,"COVERAGE":null,"HEX_VALUE_STRING":"#feb7b2","FIBRE":null,"path":"CAT13853PROD46137SKU77225","SKU_BASE_ID":77225,"FUTURE_PRICE":18,"DISPLAY_ORDER":0,"REFILLABLE":0,"AREA_OF_FACE":null,"USE":null,"PRICE2":null,"DISPLAY_STATUS":7}],"PRODUCT_TYPE":1,"IS_MULTISHADED":null,"FORMULA":null,"SMALL_IMAGE":"\/media\/export\/cms\/products\/124x163\/mac_sku_S4F301_124x163_0.jpg","AVERAGE_RATING_ROUNDED":3,"RESTRICT_GROUP":null,"PROD_RGN_SUBHEADING":null,"RECOMMENDED_PERCENT":100,"SHORT_DESC":"A triple-layered pearl-swirl of lip gloss.","path":"CAT13853PROD46137","RECOMMENDED_COUNT":1,"shaded":1,"DISPLAY_STATUS":7,"buildCanonicalURL":"\/product\/13853\/46137\/products\/makeup\/lips\/lipgloss\/tricolour-lipglass-james-kaliardos","ONLY_RATINGS_COUNT":0,"sku_as_product":true,"defaultSku":{"LARGE_IMAGE":["\/media\/export\/cms\/products\/640x600\/mac_sku_S4F301_640x600_0.jpg","\/media\/export\/cms\/products\/640x600\/mac_sku_S4F301_640x600_1.jpg"],"highVelocityQty":-1,"LIFE_OF_PRODUCT":1,"MEDIUM_IMAGE":"\/media\/export\/cms\/products\/280x320\/mac_sku_S4F301_280x320_0.jpg","PRO_FLAG":0,"PRICE":18,"CUSTOM_PALETTE_SMALL_IMAGE":null,"isLimitedRemaining":0,"formattedPrice2":"\u00a318.00 ","formattedUnitPrice":"","FLASH_DESC":null,"PRODUCT_CODE":"S4F301","isShoppable":1,"IMAGE_COLLECTION":"\/media\/export\/cms\/products\/collection\/mac_collection_S4F301.jpg","IMAGE_SMOOSH":"\/media\/export\/cms\/products\/smoosh\/mac_smoosh_S4F301.jpg","UNDERTONE":null,"isOrderable":1,"USE_WITH":null,"SKU_ID":"SKU77225","FINISH":null,"PRODUCT_FORM":null,"SKU_MULTISHADED_IMAGE":"\/media\/export\/cms\/products\/smoosh\/mac_smoosh_S4F301.jpg","worksWith":null,"formattedPrice":"\u00a318.00 ","SKU_MULTISHADED_IMAGE_HOVER":"\/media\/export\/cms\/products\/smoosh\/mac_smoosh_S4F301_1.jpg","PARENT_CAT_ID":"CAT13853","PRODUCT_ID":"PROD46137","CUSTOM_PALETTE_MEDIUM_IMAGE":null,"CUSTOM_PALETTE_LARGE_IMAGE":null,"SKU_NOTES":null,"PRODUCT_SIZE":"5 ml","DEFAULT_SKU":0,"INTENSITY":null,"SHADE_DESCRIPTION":"Midtone pinky beige with fine gold reflects","PRODUCT_TYPE":null,"INVENTORY_STATUS":1,"SMALL_IMAGE":"\/media\/export\/cms\/products\/124x163\/mac_sku_S4F301_124x163_0.jpg","PRICE_CHANGE_DATE":null,"ATTRIBUTE_COLOR_FAMILY":null,"SHADENAME":"Stratagloss Pyrite","isComingSoon":0,"RESTRICT_GROUP":null,"COVERAGE":null,"HEX_VALUE_STRING":"#feb7b2","FIBRE":null,"path":"CAT13853PROD46137SKU77225","SKU_BASE_ID":77225,"FUTURE_PRICE":18,"DISPLAY_ORDER":0,"REFILLABLE":0,"AREA_OF_FACE":null,"USE":null,"PRICE2":null,"DISPLAY_STATUS":7},"qs_shade_route":"#\/shade\/Stratagloss_Pyrite","sku_count":2,"spp_show_shade_filter":true,"single_shade":false},{"NAME_SHORT":null,"LARGE_IMAGE":["\/media\/export\/cms\/products\/640x600\/mac_sku_M380_640x600_0.jpg"],"AVERAGE_RATING_PERCENT":90,"PRODUCT_BUZZWORDS":"Creamy, Professional, Artistry","MEDIUM_IMAGE":"\/media\/export\/cms\/products\/280x320\/mac_sku_M380_280x320_0.jpg","PRO_FLAG":0,"CUSTOM_PALETTE_SMALL_IMAGE":null,"CLAIMS":"\u003Cul\u003E\u003Cli\u003EFeatures a smooth and creamy formula\u003C\/li\u003E\u003Cli\u003EFeatures a texture that won\u0027t skip or drag\u003C\/li\u003E\u003Cli\u003EApplies quickly and precisely\u003C\/li\u003E\u003C\/ul\u003E","url":"\/product\/13852\/340\/products\/makeup\/lips\/lip-pencil\/lip-pencil","category":{"CAT_BASE_ID":13852,"BREADCRUMB_MENU_CAT_ID":null,"url":"\/products\/13852\/products\/makeup\/lips\/lip-pencil","DESCRIPTION":null,"CATEGORY_ID":"CAT13852","CATEGORY_NAME":"Lip Pencil","ROOTS1":null},"RATING_IMAGE":"\/images\/products\/stars\/rating-4_5.gif","isShoppable":1,"IMAGE_COLLECTION":"\/media\/export\/cms\/products\/collection\/mac_collection_M380.jpg","IMAGE_SMOOSH":"\/media\/export\/cms\/products\/smoosh\/mac_smoosh_M380.jpg","PRODUCT_USAGE":"\u003Cul\u003E\u003Cli\u003EApply directly to lips before or after any M\u00b7A\u00b7C Lipstick or Lipglass application.\u003C\/li\u003E\u003C\/ul\u003E","AVERAGE_RATING":4.4938,"RATING_RANGE":5,"TOTAL_REVIEW_COUNT":81,"DEFAULT_CAT_ID":"CAT13852","worksWithSkuIds":["SKU2465","SKU49210","SKU3830","SKU32668","SKU3590"],"DESCRIPTION":"A pencil designed for shaping, lining or filling in the lip. Lip Pencils have a smooth, creamy texture that is perfect for outlining lips or colouring them in. They are available in a wide selection of colours that each work well with many different lipstick shades.","worksWith":["PROD310","PROD24937","PROD968","PROD4384","PROD808"],"AWARD_1":null,"PARENT_CAT_ID":"CAT13852","PRODUCT_ID":"PROD340","palette":0,"CUSTOM_PALETTE_MEDIUM_IMAGE":null,"CUSTOM_PALETTE_LARGE_IMAGE":null,"PROD_BASE_ID":340,"PROD_RGN_NAME":"Lip Pencil","SUB_LINE":null,"sized":0,"skus":[{"LARGE_IMAGE":["\/media\/export\/cms\/products\/640x600\/mac_sku_S4W996_640x600_0.jpg"],"highVelocityQty":-1,"LIFE_OF_PRODUCT":2,"MEDIUM_IMAGE":["\/media\/export\/cms\/products\/280x320\/mac_sku_S4W996_280x320_0.jpg"],"PRO_FLAG":0,"PRICE":13,"CUSTOM_PALETTE_SMALL_IMAGE":null,"isLimitedRemaining":0,"formattedPrice2":"\u00a313.00 ","formattedUnitPrice":"","FLASH_DESC":null,"PRODUCT_CODE":"S4W996","isShoppable":1,"IMAGE_COLLECTION":"\/media\/export\/cms\/products\/collection\/mac_collection_S4W996.jpg","IMAGE_SMOOSH":"\/media\/export\/cms\/products\/smoosh\/mac_smoosh_S4W996.jpg","UNDERTONE":null,"isOrderable":1,"USE_WITH":null,"SKU_ID":"SKU72166","FINISH":null,"PRODUCT_FORM":null,"SKU_MULTISHADED_IMAGE":"\/media\/export\/cms\/products\/smoosh\/mac_smoosh_S4W996.jpg","worksWith":null,"formattedPrice":"\u00a313.00 ","SKU_MULTISHADED_IMAGE_HOVER":"\/media\/export\/cms\/products\/smoosh\/mac_smoosh_S4W996_1.jpg","PARENT_CAT_ID":"CAT13852","PRODUCT_ID":"PROD340","CUSTOM_PALETTE_MEDIUM_IMAGE":null,"CUSTOM_PALETTE_LARGE_IMAGE":null,"SKU_NOTES":null,"PRODUCT_SIZE":"1.45 g","DEFAULT_SKU":0,"INTENSITY":null,"SHADE_DESCRIPTION":"Neon pink","PRODUCT_TYPE":null,"INVENTORY_STATUS":1,"SMALL_IMAGE":"\/media\/export\/cms\/products\/124x163\/mac_sku_S4W996_124x163_0.jpg","PRICE_CHANGE_DATE":null,"ATTRIBUTE_COLOR_FAMILY":null,"SHADENAME":"Candy Yum-Yum","isComingSoon":0,"RESTRICT_GROUP":null,"COVERAGE":null,"HEX_VALUE_STRING":"#ed5ca7","FIBRE":null,"path":"CAT13852PROD340SKU72166","SKU_BASE_ID":72166,"FUTURE_PRICE":13,"DISPLAY_ORDER":0,"REFILLABLE":0,"AREA_OF_FACE":null,"USE":null,"PRICE2":null,"DISPLAY_STATUS":7},{"LARGE_IMAGE":["\/media\/export\/cms\/products\/640x600\/mac_sku_S4W993_640x600_0.jpg"],"highVelocityQty":-1,"LIFE_OF_PRODUCT":2,"MEDIUM_IMAGE":["\/media\/export\/cms\/products\/280x320\/mac_sku_S4W993_280x320_0.jpg"],"PRO_FLAG":0,"PRICE":13,"CUSTOM_PALETTE_SMALL_IMAGE":null,"isLimitedRemaining":0,"formattedPrice2":"\u00a313.00 ","formattedUnitPrice":"","FLASH_DESC":null,"PRODUCT_CODE":"S4W993","isShoppable":1,"IMAGE_COLLECTION":"\/media\/export\/cms\/products\/collection\/mac_collection_S4W993.jpg","IMAGE_SMOOSH":"\/media\/export\/cms\/products\/smoosh\/mac_smoosh_S4W993.jpg","UNDERTONE":null,"isOrderable":1,"USE_WITH":null,"SKU_ID":"SKU72163","FINISH":null,"PRODUCT_FORM":null,"SKU_MULTISHADED_IMAGE":"\/media\/export\/cms\/products\/smoosh\/mac_smoosh_S4W993.jpg","worksWith":null,"formattedPrice":"\u00a313.00 ","SKU_MULTISHADED_IMAGE_HOVER":"\/media\/export\/cms\/products\/smoosh\/mac_smoosh_S4W993_1.jpg","PARENT_CAT_ID":"CAT13852","PRODUCT_ID":"PROD340","CUSTOM_PALETTE_MEDIUM_IMAGE":null,"CUSTOM_PALETTE_LARGE_IMAGE":null,"SKU_NOTES":null,"PRODUCT_SIZE":"1.45 g","DEFAULT_SKU":0,"INTENSITY":null,"SHADE_DESCRIPTION":"Light blue fucshia","PRODUCT_TYPE":null,"INVENTORY_STATUS":1,"SMALL_IMAGE":"\/media\/export\/cms\/products\/124x163\/mac_sku_S4W993_124x163_0.jpg","PRICE_CHANGE_DATE":null,"ATTRIBUTE_COLOR_FAMILY":null,"SHADENAME":"Talking Points","isComingSoon":0,"RESTRICT_GROUP":null,"COVERAGE":null,"HEX_VALUE_STRING":"#e52572","FIBRE":null,"path":"CAT13852PROD340SKU72163","SKU_BASE_ID":72163,"FUTURE_PRICE":13,"DISPLAY_ORDER":1,"REFILLABLE":0,"AREA_OF_FACE":null,"USE":null,"PRICE2":null,"DISPLAY_STATUS":7},{"LARGE_IMAGE":["\/media\/export\/cms\/products\/640x600\/mac_sku_S4W992_640x600_0.jpg"],"highVelocityQty":-1,"LIFE_OF_PRODUCT":2,"MEDIUM_IMAGE":["\/media\/export\/cms\/products\/280x320\/mac_sku_S4W992_280x320_0.jpg"],"PRO_FLAG":0,"PRICE":13,"CUSTOM_PALETTE_SMALL_IMAGE":null,"isLimitedRemaining":0,"formattedPrice2":"\u00a313.00 ","formattedUnitPrice":"","FLASH_DESC":null,"PRODUCT_CODE":"S4W992","isShoppable":1,"IMAGE_COLLECTION":"\/media\/export\/cms\/products\/collection\/mac_collection_S4W992.jpg","IMAGE_SMOOSH":"\/media\/export\/cms\/products\/smoosh\/mac_smoosh_S4W992.jpg","UNDERTONE":null,"isOrderable":1,"USE_WITH":null,"SKU_ID":"SKU72162","FINISH":null,"PRODUCT_FORM":null,"SKU_MULTISHADED_IMAGE":"\/media\/export\/cms\/products\/smoosh\/mac_smoosh_S4W992.jpg","worksWith":null,"formattedPrice":"\u00a313.00 ","SKU_MULTISHADED_IMAGE_HOVER":"\/media\/export\/cms\/products\/smoosh\/mac_smoosh_S4W992_1.jpg","PARENT_CAT_ID":"CAT13852","PRODUCT_ID":"PROD340","CUSTOM_PALETTE_MEDIUM_IMAGE":null,"CUSTOM_PALETTE_LARGE_IMAGE":null,"SKU_NOTES":null,"PRODUCT_SIZE":"1.45 g","DEFAULT_SKU":0,"INTENSITY":null,"SHADE_DESCRIPTION":"Amped-up fuchsia","PRODUCT_TYPE":null,"INVENTORY_STATUS":1,"SMALL_IMAGE":"\/media\/export\/cms\/products\/124x163\/mac_sku_S4W992_124x163_0.jpg","PRICE_CHANGE_DATE":null,"ATTRIBUTE_COLOR_FAMILY":null,"SHADENAME":"Chic Trick","isComingSoon":0,"RESTRICT_GROUP":null,"COVERAGE":null,"HEX_VALUE_STRING":"#fc4768","FIBRE":null,"path":"CAT13852PROD340SKU72162","SKU_BASE_ID":72162,"FUTURE_PRICE":13,"DISPLAY_ORDER":2,"REFILLABLE":0,"AREA_OF_FACE":null,"USE":null,"PRICE2":null,"DISPLAY_STATUS":7},{"LARGE_IMAGE":["\/media\/export\/cms\/products\/640x600\/mac_sku_M38005_640x600_0.jpg"],"highVelocityQty":-1,"LIFE_OF_PRODUCT":2,"MEDIUM_IMAGE":["\/media\/export\/cms\/products\/280x320\/mac_sku_M38005_280x320_0.jpg"],"PRO_FLAG":0,"PRICE":13,"CUSTOM_PALETTE_SMALL_IMAGE":null,"isLimitedRemaining":0,"formattedPrice2":"\u00a313.00 ","formattedUnitPrice":"\u00a389.66  \/ 10g","FLASH_DESC":null,"PRODUCT_CODE":"M38005","isShoppable":1,"IMAGE_COLLECTION":"\/media\/export\/cms\/products\/collection\/mac_collection_M38005.jpg","IMAGE_SMOOSH":"\/media\/export\/cms\/products\/smoosh\/mac_smoosh_M38005.jpg","UNDERTONE":null,"isOrderable":1,"USE_WITH":null,"SKU_ID":"SKU2919","FINISH":null,"PRODUCT_FORM":"cream, pencil","SKU_MULTISHADED_IMAGE":"\/media\/export\/cms\/products\/smoosh\/mac_smoosh_M38005.jpg","worksWith":null,"formattedPrice":"\u00a313.00 ","SKU_MULTISHADED_IMAGE_HOVER":"\/media\/export\/cms\/products\/smoosh\/mac_smoosh_M38005_1.jpg","PARENT_CAT_ID":"CAT13852","PRODUCT_ID":"PROD340","CUSTOM_PALETTE_MEDIUM_IMAGE":null,"CUSTOM_PALETTE_LARGE_IMAGE":null,"SKU_NOTES":null,"PRODUCT_SIZE":"1.45g","DEFAULT_SKU":null,"INTENSITY":null,"SHADE_DESCRIPTION":"Vivid bright bluish-red","PRODUCT_TYPE":null,"INVENTORY_STATUS":1,"SMALL_IMAGE":"\/media\/export\/cms\/products\/124x163\/mac_sku_M38005_124x163_0.jpg","PRICE_CHANGE_DATE":null,"ATTRIBUTE_COLOR_FAMILY":"red","SHADENAME":"Cherry","isComingSoon":0,"RESTRICT_GROUP":null,"COVERAGE":"sheer, medium, full","HEX_VALUE_STRING":"#bb3541","FIBRE":null,"path":"CAT13852PROD340SKU2919","SKU_BASE_ID":2919,"FUTURE_PRICE":13,"DISPLAY_ORDER":3,"REFILLABLE":0,"AREA_OF_FACE":"lips","USE":null,"PRICE2":null,"DISPLAY_STATUS":7},{"LARGE_IMAGE":["\/media\/export\/cms\/products\/640x600\/mac_sku_S4W994_640x600_0.jpg"],"highVelocityQty":-1,"LIFE_OF_PRODUCT":2,"MEDIUM_IMAGE":["\/media\/export\/cms\/products\/280x320\/mac_sku_S4W994_280x320_0.jpg"],"PRO_FLAG":0,"PRICE":13,"CUSTOM_PALETTE_SMALL_IMAGE":null,"isLimitedRemaining":0,"formattedPrice2":"\u00a313.00 ","formattedUnitPrice":"","FLASH_DESC":null,"PRODUCT_CODE":"S4W994","isShoppable":1,"IMAGE_COLLECTION":"\/media\/export\/cms\/products\/collection\/mac_collection_S4W994.jpg","IMAGE_SMOOSH":"\/media\/export\/cms\/products\/smoosh\/mac_smoosh_S4W994.jpg","UNDERTONE":null,"isOrderable":1,"USE_WITH":null,"SKU_ID":"SKU72164","FINISH":null,"PRODUCT_FORM":null,"SKU_MULTISHADED_IMAGE":"\/media\/export\/cms\/products\/smoosh\/mac_smoosh_S4W994.jpg","worksWith":null,"formattedPrice":"\u00a313.00 ","SKU_MULTISHADED_IMAGE_HOVER":"\/media\/export\/cms\/products\/smoosh\/mac_smoosh_S4W994_1.jpg","PARENT_CAT_ID":"CAT13852","PRODUCT_ID":"PROD340","CUSTOM_PALETTE_MEDIUM_IMAGE":null,"CUSTOM_PALETTE_LARGE_IMAGE":null,"SKU_NOTES":null,"PRODUCT_SIZE":"1.45 g","DEFAULT_SKU":0,"INTENSITY":null,"SHADE_DESCRIPTION":"Vivid bright bluish red","PRODUCT_TYPE":null,"INVENTORY_STATUS":1,"SMALL_IMAGE":"\/media\/export\/cms\/products\/124x163\/mac_sku_S4W994_124x163_0.jpg","PRICE_CHANGE_DATE":null,"ATTRIBUTE_COLOR_FAMILY":null,"SHADENAME":"Follow Your Heart","isComingSoon":0,"RESTRICT_GROUP":null,"COVERAGE":null,"HEX_VALUE_STRING":"#b52e3d","FIBRE":null,"path":"CAT13852PROD340SKU72164","SKU_BASE_ID":72164,"FUTURE_PRICE":13,"DISPLAY_ORDER":4,"REFILLABLE":0,"AREA_OF_FACE":null,"USE":null,"PRICE2":null,"DISPLAY_STATUS":7},{"LARGE_IMAGE":["\/media\/export\/cms\/products\/640x600\/mac_sku_M38091_640x600_0.jpg"],"highVelocityQty":-1,"LIFE_OF_PRODUCT":2,"MEDIUM_IMAGE":["\/media\/export\/cms\/products\/280x320\/mac_sku_M38091_280x320_0.jpg"],"PRO_FLAG":0,"PRICE":13,"CUSTOM_PALETTE_SMALL_IMAGE":null,"isLimitedRemaining":0,"formattedPrice2":"\u00a313.00 ","formattedUnitPrice":"\u00a327.08  \/ 10g","FLASH_DESC":null,"PRODUCT_CODE":"M38091","isShoppable":1,"IMAGE_COLLECTION":"\/media\/export\/cms\/products\/collection\/mac_collection_M38091.jpg","IMAGE_SMOOSH":"\/media\/export\/cms\/products\/smoosh\/mac_smoosh_M38091.jpg","UNDERTONE":null,"isOrderable":1,"USE_WITH":null,"SKU_ID":"SKU61054","FINISH":null,"PRODUCT_FORM":null,"SKU_MULTISHADED_IMAGE":"\/media\/export\/cms\/products\/smoosh\/mac_smoosh_M38091.jpg","worksWith":null,"formattedPrice":"\u00a313.00 ","SKU_MULTISHADED_IMAGE_HOVER":"\/media\/export\/cms\/products\/smoosh\/mac_smoosh_M38091_1.jpg","PARENT_CAT_ID":"CAT13852","PRODUCT_ID":"PROD340","CUSTOM_PALETTE_MEDIUM_IMAGE":null,"CUSTOM_PALETTE_LARGE_IMAGE":null,"SKU_NOTES":null,"PRODUCT_SIZE":"4.8g","DEFAULT_SKU":0,"INTENSITY":null,"SHADE_DESCRIPTION":"Very matte vivid bluered","PRODUCT_TYPE":null,"INVENTORY_STATUS":1,"SMALL_IMAGE":"\/media\/export\/cms\/products\/124x163\/mac_sku_M38091_124x163_0.jpg","PRICE_CHANGE_DATE":null,"ATTRIBUTE_COLOR_FAMILY":null,"SHADENAME":"Ruby Woo ","isComingSoon":0,"RESTRICT_GROUP":null,"COVERAGE":null,"HEX_VALUE_STRING":"#c42d3a","FIBRE":null,"path":"CAT13852PROD340SKU61054","SKU_BASE_ID":61054,"FUTURE_PRICE":13,"DISPLAY_ORDER":5,"REFILLABLE":0,"AREA_OF_FACE":null,"USE":null,"PRICE2":null,"DISPLAY_STATUS":7},{"LARGE_IMAGE":["\/media\/export\/cms\/products\/640x600\/mac_sku_S4W999_640x600_0.jpg"],"highVelocityQty":-1,"LIFE_OF_PRODUCT":2,"MEDIUM_IMAGE":["\/media\/export\/cms\/products\/280x320\/mac_sku_S4W999_280x320_0.jpg"],"PRO_FLAG":0,"PRICE":13,"CUSTOM_PALETTE_SMALL_IMAGE":null,"isLimitedRemaining":0,"formattedPrice2":"\u00a313.00 ","formattedUnitPrice":"","FLASH_DESC":null,"PRODUCT_CODE":"S4W999","isShoppable":1,"IMAGE_COLLECTION":"\/media\/export\/cms\/products\/collection\/mac_collection_S4W999.jpg","IMAGE_SMOOSH":"\/media\/export\/cms\/products\/smoosh\/mac_smoosh_S4W999.jpg","UNDERTONE":null,"isOrderable":1,"USE_WITH":null,"SKU_ID":"SKU72167","FINISH":null,"PRODUCT_FORM":null,"SKU_MULTISHADED_IMAGE":"\/media\/export\/cms\/products\/smoosh\/mac_smoosh_S4W999.jpg","worksWith":null,"formattedPrice":"\u00a313.00 ","SKU_MULTISHADED_IMAGE_HOVER":"\/media\/export\/cms\/products\/smoosh\/mac_smoosh_S4W999_1.jpg","PARENT_CAT_ID":"CAT13852","PRODUCT_ID":"PROD340","CUSTOM_PALETTE_MEDIUM_IMAGE":null,"CUSTOM_PALETTE_LARGE_IMAGE":null,"SKU_NOTES":null,"PRODUCT_SIZE":"1.45 g","DEFAULT_SKU":0,"INTENSITY":null,"SHADE_DESCRIPTION":"Muted rosytinted pink","PRODUCT_TYPE":null,"INVENTORY_STATUS":1,"SMALL_IMAGE":"\/media\/export\/cms\/products\/124x163\/mac_sku_S4W999_124x163_0.jpg","PRICE_CHANGE_DATE":null,"ATTRIBUTE_COLOR_FAMILY":null,"SHADENAME":"Rosy Rim","isComingSoon":0,"RESTRICT_GROUP":null,"COVERAGE":null,"HEX_VALUE_STRING":"#ed87a1","FIBRE":null,"path":"CAT13852PROD340SKU72167","SKU_BASE_ID":72167,"FUTURE_PRICE":13,"DISPLAY_ORDER":7,"REFILLABLE":0,"AREA_OF_FACE":null,"USE":null,"PRICE2":null,"DISPLAY_STATUS":7},{"LARGE_IMAGE":["\/media\/export\/cms\/products\/640x600\/mac_sku_S4W90C_640x600_0.jpg"],"highVelocityQty":-1,"LIFE_OF_PRODUCT":2,"MEDIUM_IMAGE":["\/media\/export\/cms\/products\/280x320\/mac_sku_S4W90C_280x320_0.jpg"],"PRO_FLAG":0,"PRICE":13,"CUSTOM_PALETTE_SMALL_IMAGE":null,"isLimitedRemaining":0,"formattedPrice2":"\u00a313.00 ","formattedUnitPrice":"","FLASH_DESC":null,"PRODUCT_CODE":"S4W90C","isShoppable":1,"IMAGE_COLLECTION":"\/media\/export\/cms\/products\/collection\/mac_collection_S4W90C.jpg","IMAGE_SMOOSH":"\/media\/export\/cms\/products\/smoosh\/mac_smoosh_S4W90C.jpg","UNDERTONE":null,"isOrderable":1,"USE_WITH":null,"SKU_ID":"SKU72147","FINISH":null,"PRODUCT_FORM":null,"SKU_MULTISHADED_IMAGE":"\/media\/export\/cms\/products\/smoosh\/mac_smoosh_S4W90C.jpg","worksWith":null,"formattedPrice":"\u00a313.00 ","SKU_MULTISHADED_IMAGE_HOVER":"\/media\/export\/cms\/products\/smoosh\/mac_smoosh_S4W90C_1.jpg","PARENT_CAT_ID":"CAT13852","PRODUCT_ID":"PROD340","CUSTOM_PALETTE_MEDIUM_IMAGE":null,"CUSTOM_PALETTE_LARGE_IMAGE":null,"SKU_NOTES":null,"PRODUCT_SIZE":"1.45 g","DEFAULT_SKU":0,"INTENSITY":null,"SHADE_DESCRIPTION":"Clean light peachy coral","PRODUCT_TYPE":null,"INVENTORY_STATUS":1,"SMALL_IMAGE":"\/media\/export\/cms\/products\/124x163\/mac_sku_S4W90C_124x163_0.jpg","PRICE_CHANGE_DATE":null,"ATTRIBUTE_COLOR_FAMILY":null,"SHADENAME":"Fruit Cocktail","isComingSoon":0,"RESTRICT_GROUP":null,"COVERAGE":null,"HEX_VALUE_STRING":"#e8756c","FIBRE":null,"path":"CAT13852PROD340SKU72147","SKU_BASE_ID":72147,"FUTURE_PRICE":13,"DISPLAY_ORDER":8,"REFILLABLE":0,"AREA_OF_FACE":null,"USE":null,"PRICE2":null,"DISPLAY_STATUS":7},{"LARGE_IMAGE":["\/media\/export\/cms\/products\/640x600\/mac_sku_S4W973_640x600_0.jpg"],"highVelocityQty":-1,"LIFE_OF_PRODUCT":2,"MEDIUM_IMAGE":["\/media\/export\/cms\/products\/280x320\/mac_sku_S4W973_280x320_0.jpg"],"PRO_FLAG":0,"PRICE":13,"CUSTOM_PALETTE_SMALL_IMAGE":null,"isLimitedRemaining":0,"formattedPrice2":"\u00a313.00 ","formattedUnitPrice":"","FLASH_DESC":null,"PRODUCT_CODE":"S4W973","isShoppable":1,"IMAGE_COLLECTION":"\/media\/export\/cms\/products\/collection\/mac_collection_S4W973.jpg","IMAGE_SMOOSH":"\/media\/export\/cms\/products\/smoosh\/mac_smoosh_S4W973.jpg","UNDERTONE":null,"isOrderable":1,"USE_WITH":null,"SKU_ID":"SKU72159","FINISH":null,"PRODUCT_FORM":null,"SKU_MULTISHADED_IMAGE":"\/media\/export\/cms\/products\/smoosh\/mac_smoosh_S4W973.jpg","worksWith":null,"formattedPrice":"\u00a313.00 ","SKU_MULTISHADED_IMAGE_HOVER":"\/media\/export\/cms\/products\/smoosh\/mac_smoosh_S4W973_1.jpg","PARENT_CAT_ID":"CAT13852","PRODUCT_ID":"PROD340","CUSTOM_PALETTE_MEDIUM_IMAGE":null,"CUSTOM_PALETTE_LARGE_IMAGE":null,"SKU_NOTES":null,"PRODUCT_SIZE":"1.45 g","DEFAULT_SKU":0,"INTENSITY":null,"SHADE_DESCRIPTION":"Light neutral","PRODUCT_TYPE":null,"INVENTORY_STATUS":1,"SMALL_IMAGE":"\/media\/export\/cms\/products\/124x163\/mac_sku_S4W973_124x163_0.jpg","PRICE_CHANGE_DATE":null,"ATTRIBUTE_COLOR_FAMILY":null,"SHADENAME":"Naked Liner","isComingSoon":0,"RESTRICT_GROUP":null,"COVERAGE":null,"HEX_VALUE_STRING":"#EC967D","FIBRE":null,"path":"CAT13852PROD340SKU72159","SKU_BASE_ID":72159,"FUTURE_PRICE":13,"DISPLAY_ORDER":10,"REFILLABLE":0,"AREA_OF_FACE":null,"USE":null,"PRICE2":null,"DISPLAY_STATUS":7},{"LARGE_IMAGE":["\/media\/export\/cms\/products\/640x600\/mac_sku_S4W962_640x600_0.jpg"],"highVelocityQty":-1,"LIFE_OF_PRODUCT":2,"MEDIUM_IMAGE":["\/media\/export\/cms\/products\/280x320\/mac_sku_S4W962_280x320_0.jpg"],"PRO_FLAG":0,"PRICE":13,"CUSTOM_PALETTE_SMALL_IMAGE":null,"isLimitedRemaining":0,"formattedPrice2":"\u00a313.00 ","formattedUnitPrice":"","FLASH_DESC":null,"PRODUCT_CODE":"S4W962","isShoppable":1,"IMAGE_COLLECTION":"\/media\/export\/cms\/products\/collection\/mac_collection_S4W962.jpg","IMAGE_SMOOSH":"\/media\/export\/cms\/products\/smoosh\/mac_smoosh_S4W962.jpg","UNDERTONE":null,"isOrderable":1,"USE_WITH":null,"SKU_ID":"SKU72158","FINISH":null,"PRODUCT_FORM":null,"SKU_MULTISHADED_IMAGE":"\/media\/export\/cms\/products\/smoosh\/mac_smoosh_S4W962.jpg","worksWith":null,"formattedPrice":"\u00a313.00 ","SKU_MULTISHADED_IMAGE_HOVER":"\/media\/export\/cms\/products\/smoosh\/mac_smoosh_S4W962_1.jpg","PARENT_CAT_ID":"CAT13852","PRODUCT_ID":"PROD340","CUSTOM_PALETTE_MEDIUM_IMAGE":null,"CUSTOM_PALETTE_LARGE_IMAGE":null,"SKU_NOTES":null,"PRODUCT_SIZE":"1.45 g","DEFAULT_SKU":0,"INTENSITY":null,"SHADE_DESCRIPTION":"Bright yellow pink","PRODUCT_TYPE":null,"INVENTORY_STATUS":1,"SMALL_IMAGE":"\/media\/export\/cms\/products\/124x163\/mac_sku_S4W962_124x163_0.jpg","PRICE_CHANGE_DATE":null,"ATTRIBUTE_COLOR_FAMILY":null,"SHADENAME":"In Synch","isComingSoon":0,"RESTRICT_GROUP":null,"COVERAGE":null,"HEX_VALUE_STRING":"#ffb39c","FIBRE":null,"path":"CAT13852PROD340SKU72158","SKU_BASE_ID":72158,"FUTURE_PRICE":13,"DISPLAY_ORDER":11,"REFILLABLE":0,"AREA_OF_FACE":null,"USE":null,"PRICE2":null,"DISPLAY_STATUS":7},{"LARGE_IMAGE":["\/media\/export\/cms\/products\/640x600\/mac_sku_M38052_640x600_0.jpg"],"highVelocityQty":-1,"LIFE_OF_PRODUCT":2,"MEDIUM_IMAGE":["\/media\/export\/cms\/products\/280x320\/mac_sku_M38052_280x320_0.jpg"],"PRO_FLAG":0,"PRICE":13,"CUSTOM_PALETTE_SMALL_IMAGE":null,"isLimitedRemaining":0,"formattedPrice2":"\u00a313.00 ","formattedUnitPrice":"","FLASH_DESC":null,"PRODUCT_CODE":"M38052","isShoppable":1,"IMAGE_COLLECTION":"\/media\/export\/cms\/products\/collection\/mac_collection_M38052.jpg","IMAGE_SMOOSH":"\/media\/export\/cms\/products\/smoosh\/mac_smoosh_M38052.jpg","UNDERTONE":null,"isOrderable":1,"USE_WITH":null,"SKU_ID":"SKU2952","FINISH":null,"PRODUCT_FORM":"cream, pencil","SKU_MULTISHADED_IMAGE":"\/media\/export\/cms\/products\/smoosh\/mac_smoosh_M38052.jpg","worksWith":null,"formattedPrice":"\u00a313.00 ","SKU_MULTISHADED_IMAGE_HOVER":"\/media\/export\/cms\/products\/smoosh\/mac_smoosh_M38052_1.jpg","PARENT_CAT_ID":"CAT13852","PRODUCT_ID":"PROD340","CUSTOM_PALETTE_MEDIUM_IMAGE":null,"CUSTOM_PALETTE_LARGE_IMAGE":null,"SKU_NOTES":null,"PRODUCT_SIZE":"1.45 g","DEFAULT_SKU":0,"INTENSITY":null,"SHADE_DESCRIPTION":"Underground pink","PRODUCT_TYPE":null,"INVENTORY_STATUS":1,"SMALL_IMAGE":"\/media\/export\/cms\/products\/124x163\/mac_sku_M38052_124x163_0.jpg","PRICE_CHANGE_DATE":null,"ATTRIBUTE_COLOR_FAMILY":"plum_beige","SHADENAME":"Subculture","isComingSoon":0,"RESTRICT_GROUP":null,"COVERAGE":"sheer, medium, full","HEX_VALUE_STRING":"#b1847c","FIBRE":null,"path":"CAT13852PROD340SKU2952","SKU_BASE_ID":2952,"FUTURE_PRICE":13,"DISPLAY_ORDER":12,"REFILLABLE":0,"AREA_OF_FACE":"lips","USE":null,"PRICE2":null,"DISPLAY_STATUS":7},{"LARGE_IMAGE":["\/media\/export\/cms\/products\/640x600\/mac_sku_S4W925_640x600_0.jpg"],"highVelocityQty":-1,"LIFE_OF_PRODUCT":2,"MEDIUM_IMAGE":["\/media\/export\/cms\/products\/280x320\/mac_sku_S4W925_280x320_0.jpg"],"PRO_FLAG":0,"PRICE":13,"CUSTOM_PALETTE_SMALL_IMAGE":null,"isLimitedRemaining":0,"formattedPrice2":"\u00a313.00 ","formattedUnitPrice":"","FLASH_DESC":null,"PRODUCT_CODE":"S4W925","isShoppable":1,"IMAGE_COLLECTION":"\/media\/export\/cms\/products\/collection\/mac_collection_S4W925.jpg","IMAGE_SMOOSH":"\/media\/export\/cms\/products\/smoosh\/mac_smoosh_S4W925.jpg","UNDERTONE":null,"isOrderable":1,"USE_WITH":null,"SKU_ID":"SKU72153","FINISH":null,"PRODUCT_FORM":null,"SKU_MULTISHADED_IMAGE":"\/media\/export\/cms\/products\/smoosh\/mac_smoosh_S4W925.jpg","worksWith":null,"formattedPrice":"\u00a313.00 ","SKU_MULTISHADED_IMAGE_HOVER":"\/media\/export\/cms\/products\/smoosh\/mac_smoosh_S4W925_1.jpg","PARENT_CAT_ID":"CAT13852","PRODUCT_ID":"PROD340","CUSTOM_PALETTE_MEDIUM_IMAGE":null,"CUSTOM_PALETTE_LARGE_IMAGE":null,"SKU_NOTES":null,"PRODUCT_SIZE":"1.45 g","DEFAULT_SKU":0,"INTENSITY":null,"SHADE_DESCRIPTION":"Soft beige brown","PRODUCT_TYPE":null,"INVENTORY_STATUS":1,"SMALL_IMAGE":"\/media\/export\/cms\/products\/124x163\/mac_sku_S4W925_124x163_0.jpg","PRICE_CHANGE_DATE":null,"ATTRIBUTE_COLOR_FAMILY":null,"SHADENAME":"Oak","isComingSoon":0,"RESTRICT_GROUP":null,"COVERAGE":null,"HEX_VALUE_STRING":"#a98779","FIBRE":null,"path":"CAT13852PROD340SKU72153","SKU_BASE_ID":72153,"FUTURE_PRICE":13,"DISPLAY_ORDER":13,"REFILLABLE":0,"AREA_OF_FACE":null,"USE":null,"PRICE2":null,"DISPLAY_STATUS":7},{"LARGE_IMAGE":["\/media\/export\/cms\/products\/640x600\/mac_sku_M38022_640x600_0.jpg"],"highVelocityQty":-1,"LIFE_OF_PRODUCT":2,"MEDIUM_IMAGE":["\/media\/export\/cms\/products\/280x320\/mac_sku_M38022_280x320_0.jpg"],"PRO_FLAG":0,"PRICE":13,"CUSTOM_PALETTE_SMALL_IMAGE":null,"isLimitedRemaining":0,"formattedPrice2":"\u00a313.00 ","formattedUnitPrice":"\u00a389.66  \/ 10g","FLASH_DESC":null,"PRODUCT_CODE":"M38022","isShoppable":1,"IMAGE_COLLECTION":"\/media\/export\/cms\/products\/collection\/mac_collection_M38022.jpg","IMAGE_SMOOSH":"\/media\/export\/cms\/products\/smoosh\/mac_smoosh_M38022.jpg","UNDERTONE":null,"isOrderable":1,"USE_WITH":null,"SKU_ID":"SKU2935","FINISH":null,"PRODUCT_FORM":"cream, pencil","SKU_MULTISHADED_IMAGE":"\/media\/export\/cms\/products\/smoosh\/mac_smoosh_M38022.jpg","worksWith":null,"formattedPrice":"\u00a313.00 ","SKU_MULTISHADED_IMAGE_HOVER":"\/media\/export\/cms\/products\/smoosh\/mac_smoosh_M38022_1.jpg","PARENT_CAT_ID":"CAT13852","PRODUCT_ID":"PROD340","CUSTOM_PALETTE_MEDIUM_IMAGE":null,"CUSTOM_PALETTE_LARGE_IMAGE":null,"SKU_NOTES":null,"PRODUCT_SIZE":"1.45g","DEFAULT_SKU":0,"INTENSITY":null,"SHADE_DESCRIPTION":"Pink cinnamon stick","PRODUCT_TYPE":null,"INVENTORY_STATUS":1,"SMALL_IMAGE":"\/media\/export\/cms\/products\/124x163\/mac_sku_M38022_124x163_0.jpg","PRICE_CHANGE_DATE":null,"ATTRIBUTE_COLOR_FAMILY":"rose_red_brown","SHADENAME":"Spice","isComingSoon":0,"RESTRICT_GROUP":null,"COVERAGE":"sheer, medium, full","HEX_VALUE_STRING":"#b2817a","FIBRE":null,"path":"CAT13852PROD340SKU2935","SKU_BASE_ID":2935,"FUTURE_PRICE":13,"DISPLAY_ORDER":14,"REFILLABLE":0,"AREA_OF_FACE":"lips","USE":null,"PRICE2":null,"DISPLAY_STATUS":7},{"LARGE_IMAGE":["\/media\/export\/cms\/products\/640x600\/mac_sku_S4W934_640x600_0.jpg"],"highVelocityQty":-1,"LIFE_OF_PRODUCT":2,"MEDIUM_IMAGE":["\/media\/export\/cms\/products\/280x320\/mac_sku_S4W934_280x320_0.jpg"],"PRO_FLAG":0,"PRICE":13,"CUSTOM_PALETTE_SMALL_IMAGE":null,"isLimitedRemaining":0,"formattedPrice2":"\u00a313.00 ","formattedUnitPrice":"","FLASH_DESC":null,"PRODUCT_CODE":"S4W934","isShoppable":1,"IMAGE_COLLECTION":"\/media\/export\/cms\/products\/collection\/mac_collection_S4W934.jpg","IMAGE_SMOOSH":"\/media\/export\/cms\/products\/smoosh\/mac_smoosh_S4W934.jpg","UNDERTONE":null,"isOrderable":1,"USE_WITH":null,"SKU_ID":"SKU72155","FINISH":null,"PRODUCT_FORM":null,"SKU_MULTISHADED_IMAGE":"\/media\/export\/cms\/products\/smoosh\/mac_smoosh_S4W934.jpg","worksWith":null,"formattedPrice":"\u00a313.00 ","SKU_MULTISHADED_IMAGE_HOVER":"\/media\/export\/cms\/products\/smoosh\/mac_smoosh_S4W934_1.jpg","PARENT_CAT_ID":"CAT13852","PRODUCT_ID":"PROD340","CUSTOM_PALETTE_MEDIUM_IMAGE":null,"CUSTOM_PALETTE_LARGE_IMAGE":null,"SKU_NOTES":null,"PRODUCT_SIZE":"1.45 g","DEFAULT_SKU":0,"INTENSITY":null,"SHADE_DESCRIPTION":"Creamy brown beige","PRODUCT_TYPE":null,"INVENTORY_STATUS":1,"SMALL_IMAGE":"\/media\/export\/cms\/products\/124x163\/mac_sku_S4W934_124x163_0.jpg","PRICE_CHANGE_DATE":null,"ATTRIBUTE_COLOR_FAMILY":null,"SHADENAME":"Stripdown","isComingSoon":0,"RESTRICT_GROUP":null,"COVERAGE":null,"HEX_VALUE_STRING":"#a9847d","FIBRE":null,"path":"CAT13852PROD340SKU72155","SKU_BASE_ID":72155,"FUTURE_PRICE":13,"DISPLAY_ORDER":15,"REFILLABLE":0,"AREA_OF_FACE":null,"USE":null,"PRICE2":null,"DISPLAY_STATUS":7},{"LARGE_IMAGE":["\/media\/export\/cms\/products\/640x600\/mac_sku_M38050_640x600_0.jpg"],"highVelocityQty":-1,"LIFE_OF_PRODUCT":2,"MEDIUM_IMAGE":["\/media\/export\/cms\/products\/280x320\/mac_sku_M38050_280x320_0.jpg"],"PRO_FLAG":0,"PRICE":13,"CUSTOM_PALETTE_SMALL_IMAGE":null,"isLimitedRemaining":0,"formattedPrice2":"\u00a313.00 ","formattedUnitPrice":"\u00a389.66  \/ 10g","FLASH_DESC":null,"PRODUCT_CODE":"M38050","isShoppable":1,"IMAGE_COLLECTION":"\/media\/export\/cms\/products\/collection\/mac_collection_M38050.jpg","IMAGE_SMOOSH":"\/media\/export\/cms\/products\/smoosh\/mac_smoosh_M38050.jpg","UNDERTONE":null,"isOrderable":1,"USE_WITH":null,"SKU_ID":"SKU2950","FINISH":null,"PRODUCT_FORM":"cream, pencil","SKU_MULTISHADED_IMAGE":"\/media\/export\/cms\/products\/smoosh\/mac_smoosh_M38050.jpg","worksWith":null,"formattedPrice":"\u00a313.00 ","SKU_MULTISHADED_IMAGE_HOVER":"\/media\/export\/cms\/products\/smoosh\/mac_smoosh_M38050_1.jpg","PARENT_CAT_ID":"CAT13852","PRODUCT_ID":"PROD340","CUSTOM_PALETTE_MEDIUM_IMAGE":null,"CUSTOM_PALETTE_LARGE_IMAGE":null,"SKU_NOTES":null,"PRODUCT_SIZE":"1.45 g","DEFAULT_SKU":0,"INTENSITY":null,"SHADE_DESCRIPTION":"Dirty rose","PRODUCT_TYPE":null,"INVENTORY_STATUS":1,"SMALL_IMAGE":"\/media\/export\/cms\/products\/124x163\/mac_sku_M38050_124x163_0.jpg","PRICE_CHANGE_DATE":null,"ATTRIBUTE_COLOR_FAMILY":"rose_red_brown","SHADENAME":"Whirl","isComingSoon":0,"RESTRICT_GROUP":null,"COVERAGE":"sheer, medium, full","HEX_VALUE_STRING":"#9d6d6d","FIBRE":null,"path":"CAT13852PROD340SKU2950","SKU_BASE_ID":2950,"FUTURE_PRICE":13,"DISPLAY_ORDER":16,"REFILLABLE":0,"AREA_OF_FACE":"lips","USE":null,"PRICE2":null,"DISPLAY_STATUS":7},{"LARGE_IMAGE":["\/media\/export\/cms\/products\/640x600\/mac_sku_S4W907_640x600_0.jpg"],"highVelocityQty":-1,"LIFE_OF_PRODUCT":2,"MEDIUM_IMAGE":["\/media\/export\/cms\/products\/280x320\/mac_sku_S4W907_280x320_0.jpg"],"PRO_FLAG":0,"PRICE":13,"CUSTOM_PALETTE_SMALL_IMAGE":null,"isLimitedRemaining":0,"formattedPrice2":"\u00a313.00 ","formattedUnitPrice":"","FLASH_DESC":null,"PRODUCT_CODE":"S4W907","isShoppable":1,"IMAGE_COLLECTION":"\/media\/export\/cms\/products\/collection\/mac_collection_S4W907.jpg","IMAGE_SMOOSH":"\/media\/export\/cms\/products\/smoosh\/mac_smoosh_S4W907.jpg","UNDERTONE":null,"isOrderable":1,"USE_WITH":null,"SKU_ID":"SKU72145","FINISH":null,"PRODUCT_FORM":null,"SKU_MULTISHADED_IMAGE":"\/media\/export\/cms\/products\/smoosh\/mac_smoosh_S4W907.jpg","worksWith":null,"formattedPrice":"\u00a313.00 ","SKU_MULTISHADED_IMAGE_HOVER":"\/media\/export\/cms\/products\/smoosh\/mac_smoosh_S4W907_1.jpg","PARENT_CAT_ID":"CAT13852","PRODUCT_ID":"PROD340","CUSTOM_PALETTE_MEDIUM_IMAGE":null,"CUSTOM_PALETTE_LARGE_IMAGE":null,"SKU_NOTES":null,"PRODUCT_SIZE":"1.45 g","DEFAULT_SKU":0,"INTENSITY":null,"SHADE_DESCRIPTION":"Soft muted peachy brown","PRODUCT_TYPE":null,"INVENTORY_STATUS":1,"SMALL_IMAGE":"\/media\/export\/cms\/products\/124x163\/mac_sku_S4W907_124x163_0.jpg","PRICE_CHANGE_DATE":null,"ATTRIBUTE_COLOR_FAMILY":null,"SHADENAME":"Chicory","isComingSoon":0,"RESTRICT_GROUP":null,"COVERAGE":null,"HEX_VALUE_STRING":"#a7666b","FIBRE":null,"path":"CAT13852PROD340SKU72145","SKU_BASE_ID":72145,"FUTURE_PRICE":13,"DISPLAY_ORDER":17,"REFILLABLE":0,"AREA_OF_FACE":null,"USE":null,"PRICE2":null,"DISPLAY_STATUS":7},{"LARGE_IMAGE":["\/media\/export\/cms\/products\/640x600\/mac_sku_S4W901_640x600_0.jpg"],"highVelocityQty":-1,"LIFE_OF_PRODUCT":2,"MEDIUM_IMAGE":["\/media\/export\/cms\/products\/280x320\/mac_sku_S4W901_280x320_0.jpg"],"PRO_FLAG":0,"PRICE":13,"CUSTOM_PALETTE_SMALL_IMAGE":null,"isLimitedRemaining":0,"formattedPrice2":"\u00a313.00 ","formattedUnitPrice":"","FLASH_DESC":null,"PRODUCT_CODE":"S4W901","isShoppable":1,"IMAGE_COLLECTION":"\/media\/export\/cms\/products\/collection\/mac_collection_S4W901.jpg","IMAGE_SMOOSH":"\/media\/export\/cms\/products\/smoosh\/mac_smoosh_S4W901.jpg","UNDERTONE":null,"isOrderable":1,"USE_WITH":null,"SKU_ID":"SKU72143","FINISH":null,"PRODUCT_FORM":null,"SKU_MULTISHADED_IMAGE":"\/media\/export\/cms\/products\/smoosh\/mac_smoosh_S4W901.jpg","worksWith":null,"formattedPrice":"\u00a313.00 ","SKU_MULTISHADED_IMAGE_HOVER":"\/media\/export\/cms\/products\/smoosh\/mac_smoosh_S4W901_1.jpg","PARENT_CAT_ID":"CAT13852","PRODUCT_ID":"PROD340","CUSTOM_PALETTE_MEDIUM_IMAGE":null,"CUSTOM_PALETTE_LARGE_IMAGE":null,"SKU_NOTES":null,"PRODUCT_SIZE":"1.45 g","DEFAULT_SKU":0,"INTENSITY":null,"SHADE_DESCRIPTION":"Intense orange-reddish brown","PRODUCT_TYPE":null,"INVENTORY_STATUS":1,"SMALL_IMAGE":"\/media\/export\/cms\/products\/124x163\/mac_sku_S4W901_124x163_0.jpg","PRICE_CHANGE_DATE":null,"ATTRIBUTE_COLOR_FAMILY":null,"SHADENAME":"Auburn","isComingSoon":0,"RESTRICT_GROUP":null,"COVERAGE":null,"HEX_VALUE_STRING":"#aa6f6c","FIBRE":null,"path":"CAT13852PROD340SKU72143","SKU_BASE_ID":72143,"FUTURE_PRICE":13,"DISPLAY_ORDER":18,"REFILLABLE":0,"AREA_OF_FACE":null,"USE":null,"PRICE2":null,"DISPLAY_STATUS":7},{"LARGE_IMAGE":["\/media\/export\/cms\/products\/640x600\/mac_sku_S4W957_640x600_0.jpg"],"highVelocityQty":-1,"LIFE_OF_PRODUCT":2,"MEDIUM_IMAGE":["\/media\/export\/cms\/products\/280x320\/mac_sku_S4W957_280x320_0.jpg"],"PRO_FLAG":0,"PRICE":13,"CUSTOM_PALETTE_SMALL_IMAGE":null,"isLimitedRemaining":0,"formattedPrice2":"\u00a313.00 ","formattedUnitPrice":"","FLASH_DESC":null,"PRODUCT_CODE":"S4W957","isShoppable":1,"IMAGE_COLLECTION":"\/media\/export\/cms\/products\/collection\/mac_collection_S4W957.jpg","IMAGE_SMOOSH":"\/media\/export\/cms\/products\/smoosh\/mac_smoosh_S4W957.jpg","UNDERTONE":null,"isOrderable":1,"USE_WITH":null,"SKU_ID":"SKU72157","FINISH":null,"PRODUCT_FORM":null,"SKU_MULTISHADED_IMAGE":"\/media\/export\/cms\/products\/smoosh\/mac_smoosh_S4W957.jpg","worksWith":null,"formattedPrice":"\u00a313.00 ","SKU_MULTISHADED_IMAGE_HOVER":"\/media\/export\/cms\/products\/smoosh\/mac_smoosh_S4W957_1.jpg","PARENT_CAT_ID":"CAT13852","PRODUCT_ID":"PROD340","CUSTOM_PALETTE_MEDIUM_IMAGE":null,"CUSTOM_PALETTE_LARGE_IMAGE":null,"SKU_NOTES":null,"PRODUCT_SIZE":"1.45 g","DEFAULT_SKU":0,"INTENSITY":null,"SHADE_DESCRIPTION":"Rich caramel brown","PRODUCT_TYPE":null,"INVENTORY_STATUS":1,"SMALL_IMAGE":"\/media\/export\/cms\/products\/124x163\/mac_sku_S4W957_124x163_0.jpg","PRICE_CHANGE_DATE":null,"ATTRIBUTE_COLOR_FAMILY":null,"SHADENAME":"Hover","isComingSoon":0,"RESTRICT_GROUP":null,"COVERAGE":null,"HEX_VALUE_STRING":"#956964","FIBRE":null,"path":"CAT13852PROD340SKU72157","SKU_BASE_ID":72157,"FUTURE_PRICE":13,"DISPLAY_ORDER":19,"REFILLABLE":0,"AREA_OF_FACE":null,"USE":null,"PRICE2":null,"DISPLAY_STATUS":7},{"LARGE_IMAGE":["\/media\/export\/cms\/products\/640x600\/mac_sku_S4W908_640x600_0.jpg"],"highVelocityQty":-1,"LIFE_OF_PRODUCT":2,"MEDIUM_IMAGE":["\/media\/export\/cms\/products\/280x320\/mac_sku_S4W908_280x320_0.jpg"],"PRO_FLAG":0,"PRICE":13,"CUSTOM_PALETTE_SMALL_IMAGE":null,"isLimitedRemaining":0,"formattedPrice2":"\u00a313.00 ","formattedUnitPrice":"","FLASH_DESC":null,"PRODUCT_CODE":"S4W908","isShoppable":1,"IMAGE_COLLECTION":"\/media\/export\/cms\/products\/collection\/mac_collection_S4W908.jpg","IMAGE_SMOOSH":"\/media\/export\/cms\/products\/smoosh\/mac_smoosh_S4W908.jpg","UNDERTONE":null,"isOrderable":1,"USE_WITH":null,"SKU_ID":"SKU72146","FINISH":null,"PRODUCT_FORM":null,"SKU_MULTISHADED_IMAGE":"\/media\/export\/cms\/products\/smoosh\/mac_smoosh_S4W908.jpg","worksWith":null,"formattedPrice":"\u00a313.00 ","SKU_MULTISHADED_IMAGE_HOVER":"\/media\/export\/cms\/products\/smoosh\/mac_smoosh_S4W908_1.jpg","PARENT_CAT_ID":"CAT13852","PRODUCT_ID":"PROD340","CUSTOM_PALETTE_MEDIUM_IMAGE":null,"CUSTOM_PALETTE_LARGE_IMAGE":null,"SKU_NOTES":null,"PRODUCT_SIZE":"1.45 g","DEFAULT_SKU":0,"INTENSITY":null,"SHADE_DESCRIPTION":"Muted golden brown","PRODUCT_TYPE":null,"INVENTORY_STATUS":1,"SMALL_IMAGE":"\/media\/export\/cms\/products\/124x163\/mac_sku_S4W908_124x163_0.jpg","PRICE_CHANGE_DATE":null,"ATTRIBUTE_COLOR_FAMILY":null,"SHADENAME":"Cork","isComingSoon":0,"RESTRICT_GROUP":null,"COVERAGE":null,"HEX_VALUE_STRING":"#85695d","FIBRE":null,"path":"CAT13852PROD340SKU72146","SKU_BASE_ID":72146,"FUTURE_PRICE":13,"DISPLAY_ORDER":20,"REFILLABLE":0,"AREA_OF_FACE":null,"USE":null,"PRICE2":null,"DISPLAY_STATUS":7},{"LARGE_IMAGE":["\/media\/export\/cms\/products\/640x600\/mac_sku_M38023_640x600_0.jpg"],"highVelocityQty":-1,"LIFE_OF_PRODUCT":2,"MEDIUM_IMAGE":["\/media\/export\/cms\/products\/280x320\/mac_sku_M38023_280x320_0.jpg"],"PRO_FLAG":0,"PRICE":13,"CUSTOM_PALETTE_SMALL_IMAGE":null,"isLimitedRemaining":0,"formattedPrice2":"\u00a313.00 ","formattedUnitPrice":"","FLASH_DESC":null,"PRODUCT_CODE":"M38023","isShoppable":1,"IMAGE_COLLECTION":"\/media\/export\/cms\/products\/collection\/mac_collection_M38023.jpg","IMAGE_SMOOSH":"\/media\/export\/cms\/products\/smoosh\/mac_smoosh_M38023.jpg","UNDERTONE":null,"isOrderable":1,"USE_WITH":null,"SKU_ID":"SKU2936","FINISH":null,"PRODUCT_FORM":"cream, pencil","SKU_MULTISHADED_IMAGE":"\/media\/export\/cms\/products\/smoosh\/mac_smoosh_M38023.jpg","worksWith":null,"formattedPrice":"\u00a313.00 ","SKU_MULTISHADED_IMAGE_HOVER":"\/media\/export\/cms\/products\/smoosh\/mac_smoosh_M38023_1.jpg","PARENT_CAT_ID":"CAT13852","PRODUCT_ID":"PROD340","CUSTOM_PALETTE_MEDIUM_IMAGE":null,"CUSTOM_PALETTE_LARGE_IMAGE":null,"SKU_NOTES":null,"PRODUCT_SIZE":"1.45 g","DEFAULT_SKU":0,"INTENSITY":null,"SHADE_DESCRIPTION":"Muted greyish-taupe brown","PRODUCT_TYPE":null,"INVENTORY_STATUS":1,"SMALL_IMAGE":"\/media\/export\/cms\/products\/124x163\/mac_sku_M38023_124x163_0.jpg","PRICE_CHANGE_DATE":null,"ATTRIBUTE_COLOR_FAMILY":"grey","SHADENAME":"Stone","isComingSoon":0,"RESTRICT_GROUP":null,"COVERAGE":"sheer, medium, full","HEX_VALUE_STRING":"#967b77","FIBRE":null,"path":"CAT13852PROD340SKU2936","SKU_BASE_ID":2936,"FUTURE_PRICE":13,"DISPLAY_ORDER":21,"REFILLABLE":0,"AREA_OF_FACE":"lips","USE":null,"PRICE2":null,"DISPLAY_STATUS":7},{"LARGE_IMAGE":["\/media\/export\/cms\/products\/640x600\/mac_sku_M38074_640x600_0.jpg"],"highVelocityQty":-1,"LIFE_OF_PRODUCT":2,"MEDIUM_IMAGE":["\/media\/export\/cms\/products\/280x320\/mac_sku_M38074_280x320_0.jpg"],"PRO_FLAG":0,"PRICE":13,"CUSTOM_PALETTE_SMALL_IMAGE":null,"isLimitedRemaining":0,"formattedPrice2":"\u00a313.00 ","formattedUnitPrice":"\u00a389.66  \/ 10g","FLASH_DESC":null,"PRODUCT_CODE":"M38074","isShoppable":1,"IMAGE_COLLECTION":"\/media\/export\/cms\/products\/collection\/mac_collection_M38074.jpg","IMAGE_SMOOSH":"\/media\/export\/cms\/products\/smoosh\/mac_smoosh_M38074.jpg","UNDERTONE":null,"isOrderable":1,"USE_WITH":null,"SKU_ID":"SKU32057","FINISH":null,"PRODUCT_FORM":null,"SKU_MULTISHADED_IMAGE":"\/media\/export\/cms\/products\/smoosh\/mac_smoosh_M38074.jpg","worksWith":null,"formattedPrice":"\u00a313.00 ","SKU_MULTISHADED_IMAGE_HOVER":"\/media\/export\/cms\/products\/smoosh\/mac_smoosh_M38074_1.jpg","PARENT_CAT_ID":"CAT13852","PRODUCT_ID":"PROD340","CUSTOM_PALETTE_MEDIUM_IMAGE":null,"CUSTOM_PALETTE_LARGE_IMAGE":null,"SKU_NOTES":null,"PRODUCT_SIZE":"1.45g","DEFAULT_SKU":0,"INTENSITY":null,"SHADE_DESCRIPTION":"Dirty red brown","PRODUCT_TYPE":null,"INVENTORY_STATUS":1,"SMALL_IMAGE":"\/media\/export\/cms\/products\/124x163\/mac_sku_M38074_124x163_0.jpg","PRICE_CHANGE_DATE":null,"ATTRIBUTE_COLOR_FAMILY":null,"SHADENAME":"Boldly Bare","isComingSoon":0,"RESTRICT_GROUP":null,"COVERAGE":null,"HEX_VALUE_STRING":"#af776e","FIBRE":null,"path":"CAT13852PROD340SKU32057","SKU_BASE_ID":32057,"FUTURE_PRICE":13,"DISPLAY_ORDER":22,"REFILLABLE":0,"AREA_OF_FACE":null,"USE":null,"PRICE2":null,"DISPLAY_STATUS":7},{"LARGE_IMAGE":["\/media\/export\/cms\/products\/640x600\/mac_sku_M38051_640x600_0.jpg"],"highVelocityQty":-1,"LIFE_OF_PRODUCT":2,"MEDIUM_IMAGE":["\/media\/export\/cms\/products\/280x320\/mac_sku_M38051_280x320_0.jpg"],"PRO_FLAG":0,"PRICE":13,"CUSTOM_PALETTE_SMALL_IMAGE":null,"isLimitedRemaining":0,"formattedPrice2":"\u00a313.00 ","formattedUnitPrice":"\u00a389.66  \/ 10g","FLASH_DESC":null,"PRODUCT_CODE":"M38051","isShoppable":1,"IMAGE_COLLECTION":"\/media\/export\/cms\/products\/collection\/mac_collection_M38051.jpg","IMAGE_SMOOSH":"\/media\/export\/cms\/products\/smoosh\/mac_smoosh_M38051.jpg","UNDERTONE":null,"isOrderable":1,"USE_WITH":null,"SKU_ID":"SKU2951","FINISH":null,"PRODUCT_FORM":"cream, pencil","SKU_MULTISHADED_IMAGE":"\/media\/export\/cms\/products\/smoosh\/mac_smoosh_M38051.jpg","worksWith":null,"formattedPrice":"\u00a313.00 ","SKU_MULTISHADED_IMAGE_HOVER":"\/media\/export\/cms\/products\/smoosh\/mac_smoosh_M38051_1.jpg","PARENT_CAT_ID":"CAT13852","PRODUCT_ID":"PROD340","CUSTOM_PALETTE_MEDIUM_IMAGE":null,"CUSTOM_PALETTE_LARGE_IMAGE":null,"SKU_NOTES":null,"PRODUCT_SIZE":"1.45g","DEFAULT_SKU":null,"INTENSITY":null,"SHADE_DESCRIPTION":"Pinky-mauve","PRODUCT_TYPE":null,"INVENTORY_STATUS":1,"SMALL_IMAGE":"\/media\/export\/cms\/products\/124x163\/mac_sku_M38051_124x163_0.jpg","PRICE_CHANGE_DATE":null,"ATTRIBUTE_COLOR_FAMILY":"plum_beige","SHADENAME":"Dervish","isComingSoon":0,"RESTRICT_GROUP":null,"COVERAGE":"sheer, medium, full","HEX_VALUE_STRING":"#b17c82","FIBRE":null,"path":"CAT13852PROD340SKU2951","SKU_BASE_ID":2951,"FUTURE_PRICE":13,"DISPLAY_ORDER":23,"REFILLABLE":0,"AREA_OF_FACE":"lips","USE":null,"PRICE2":null,"DISPLAY_STATUS":7},{"LARGE_IMAGE":["\/media\/export\/cms\/products\/640x600\/mac_sku_M3800A_640x600_0.jpg"],"highVelocityQty":-1,"LIFE_OF_PRODUCT":2,"MEDIUM_IMAGE":["\/media\/export\/cms\/products\/280x320\/mac_sku_M3800A_280x320_0.jpg"],"PRO_FLAG":0,"PRICE":13,"CUSTOM_PALETTE_SMALL_IMAGE":null,"isLimitedRemaining":0,"formattedPrice2":"\u00a313.00 ","formattedUnitPrice":"\u00a327.08  \/ 10g","FLASH_DESC":null,"PRODUCT_CODE":"M3800A","isShoppable":1,"IMAGE_COLLECTION":"\/media\/export\/cms\/products\/collection\/mac_collection_M3800A.jpg","IMAGE_SMOOSH":"\/media\/export\/cms\/products\/smoosh\/mac_smoosh_M3800A.jpg","UNDERTONE":null,"isOrderable":1,"USE_WITH":null,"SKU_ID":"SKU61046","FINISH":null,"PRODUCT_FORM":null,"SKU_MULTISHADED_IMAGE":"\/media\/export\/cms\/products\/smoosh\/mac_smoosh_M3800A.jpg","worksWith":null,"formattedPrice":"\u00a313.00 ","SKU_MULTISHADED_IMAGE_HOVER":"\/media\/export\/cms\/products\/smoosh\/mac_smoosh_M3800A_1.jpg","PARENT_CAT_ID":"CAT13852","PRODUCT_ID":"PROD340","CUSTOM_PALETTE_MEDIUM_IMAGE":null,"CUSTOM_PALETTE_LARGE_IMAGE":null,"SKU_NOTES":null,"PRODUCT_SIZE":"4.8g","DEFAULT_SKU":0,"INTENSITY":null,"SHADE_DESCRIPTION":"Dirty bluepink","PRODUCT_TYPE":null,"INVENTORY_STATUS":1,"SMALL_IMAGE":"\/media\/export\/cms\/products\/124x163\/mac_sku_M3800A_124x163_0.jpg","PRICE_CHANGE_DATE":null,"ATTRIBUTE_COLOR_FAMILY":null,"SHADENAME":"Edge to Edge","isComingSoon":0,"RESTRICT_GROUP":null,"COVERAGE":null,"HEX_VALUE_STRING":"#d98b9a","FIBRE":null,"path":"CAT13852PROD340SKU61046","SKU_BASE_ID":61046,"FUTURE_PRICE":13,"DISPLAY_ORDER":24,"REFILLABLE":0,"AREA_OF_FACE":null,"USE":null,"PRICE2":null,"DISPLAY_STATUS":7},{"LARGE_IMAGE":["\/media\/export\/cms\/products\/640x600\/mac_sku_M38059_640x600_0.jpg"],"highVelocityQty":-1,"LIFE_OF_PRODUCT":2,"MEDIUM_IMAGE":["\/media\/export\/cms\/products\/280x320\/mac_sku_M38059_280x320_0.jpg"],"PRO_FLAG":0,"PRICE":13,"CUSTOM_PALETTE_SMALL_IMAGE":null,"isLimitedRemaining":0,"formattedPrice2":"\u00a313.00 ","formattedUnitPrice":"\u00a389.66  \/ 10g","FLASH_DESC":null,"PRODUCT_CODE":"M38059","isShoppable":1,"IMAGE_COLLECTION":"\/media\/export\/cms\/products\/collection\/mac_collection_M38059.jpg","IMAGE_SMOOSH":"\/media\/export\/cms\/products\/smoosh\/mac_smoosh_M38059.jpg","UNDERTONE":null,"isOrderable":1,"USE_WITH":null,"SKU_ID":"SKU2956","FINISH":null,"PRODUCT_FORM":"cream, pencil","SKU_MULTISHADED_IMAGE":"\/media\/export\/cms\/products\/smoosh\/mac_smoosh_M38059.jpg","worksWith":null,"formattedPrice":"\u00a313.00 ","SKU_MULTISHADED_IMAGE_HOVER":"\/media\/export\/cms\/products\/smoosh\/mac_smoosh_M38059_1.jpg","PARENT_CAT_ID":"CAT13852","PRODUCT_ID":"PROD340","CUSTOM_PALETTE_MEDIUM_IMAGE":null,"CUSTOM_PALETTE_LARGE_IMAGE":null,"SKU_NOTES":null,"PRODUCT_SIZE":"1.45g","DEFAULT_SKU":0,"INTENSITY":null,"SHADE_DESCRIPTION":"Mid-tone pinkish brown","PRODUCT_TYPE":null,"INVENTORY_STATUS":1,"SMALL_IMAGE":"\/media\/export\/cms\/products\/124x163\/mac_sku_M38059_124x163_0.jpg","PRICE_CHANGE_DATE":null,"ATTRIBUTE_COLOR_FAMILY":"rose_red_brown","SHADENAME":"Soar","isComingSoon":0,"RESTRICT_GROUP":null,"COVERAGE":"sheer, medium, full","HEX_VALUE_STRING":"#b86579","FIBRE":null,"path":"CAT13852PROD340SKU2956","SKU_BASE_ID":2956,"FUTURE_PRICE":13,"DISPLAY_ORDER":27,"REFILLABLE":0,"AREA_OF_FACE":"lips","USE":null,"PRICE2":null,"DISPLAY_STATUS":7},{"LARGE_IMAGE":["\/media\/export\/cms\/products\/640x600\/mac_sku_S4W90F_640x600_0.jpg"],"highVelocityQty":-1,"LIFE_OF_PRODUCT":2,"MEDIUM_IMAGE":["\/media\/export\/cms\/products\/280x320\/mac_sku_S4W90F_280x320_0.jpg"],"PRO_FLAG":0,"PRICE":13,"CUSTOM_PALETTE_SMALL_IMAGE":null,"isLimitedRemaining":0,"formattedPrice2":"\u00a313.00 ","formattedUnitPrice":"","FLASH_DESC":null,"PRODUCT_CODE":"S4W90F","isShoppable":1,"IMAGE_COLLECTION":"\/media\/export\/cms\/products\/collection\/mac_collection_S4W90F.jpg","IMAGE_SMOOSH":"\/media\/export\/cms\/products\/smoosh\/mac_smoosh_S4W90F.jpg","UNDERTONE":null,"isOrderable":1,"USE_WITH":null,"SKU_ID":"SKU72148","FINISH":null,"PRODUCT_FORM":null,"SKU_MULTISHADED_IMAGE":"\/media\/export\/cms\/products\/smoosh\/mac_smoosh_S4W90F.jpg","worksWith":null,"formattedPrice":"\u00a313.00 ","SKU_MULTISHADED_IMAGE_HOVER":"\/media\/export\/cms\/products\/smoosh\/mac_smoosh_S4W90F_1.jpg","PARENT_CAT_ID":"CAT13852","PRODUCT_ID":"PROD340","CUSTOM_PALETTE_MEDIUM_IMAGE":null,"CUSTOM_PALETTE_LARGE_IMAGE":null,"SKU_NOTES":null,"PRODUCT_SIZE":"1.45 g","DEFAULT_SKU":0,"INTENSITY":null,"SHADE_DESCRIPTION":"Bright purple","PRODUCT_TYPE":null,"INVENTORY_STATUS":1,"SMALL_IMAGE":"\/media\/export\/cms\/products\/124x163\/mac_sku_S4W90F_124x163_0.jpg","PRICE_CHANGE_DATE":null,"ATTRIBUTE_COLOR_FAMILY":null,"SHADENAME":"Heroine","isComingSoon":0,"RESTRICT_GROUP":null,"COVERAGE":null,"HEX_VALUE_STRING":"#CF3FA9","FIBRE":null,"path":"CAT13852PROD340SKU72148","SKU_BASE_ID":72148,"FUTURE_PRICE":13,"DISPLAY_ORDER":29,"REFILLABLE":0,"AREA_OF_FACE":null,"USE":null,"PRICE2":null,"DISPLAY_STATUS":7},{"LARGE_IMAGE":["\/media\/export\/cms\/products\/640x600\/mac_sku_S4W995_640x600_0.jpg"],"highVelocityQty":-1,"LIFE_OF_PRODUCT":2,"MEDIUM_IMAGE":["\/media\/export\/cms\/products\/280x320\/mac_sku_S4W995_280x320_0.jpg"],"PRO_FLAG":0,"PRICE":13,"CUSTOM_PALETTE_SMALL_IMAGE":null,"isLimitedRemaining":0,"formattedPrice2":"\u00a313.00 ","formattedUnitPrice":"","FLASH_DESC":null,"PRODUCT_CODE":"S4W995","isShoppable":1,"IMAGE_COLLECTION":"\/media\/export\/cms\/products\/collection\/mac_collection_S4W995.jpg","IMAGE_SMOOSH":"\/media\/export\/cms\/products\/smoosh\/mac_smoosh_S4W995.jpg","UNDERTONE":null,"isOrderable":1,"USE_WITH":null,"SKU_ID":"SKU72165","FINISH":null,"PRODUCT_FORM":null,"SKU_MULTISHADED_IMAGE":"\/media\/export\/cms\/products\/smoosh\/mac_smoosh_S4W995.jpg","worksWith":null,"formattedPrice":"\u00a313.00 ","SKU_MULTISHADED_IMAGE_HOVER":"\/media\/export\/cms\/products\/smoosh\/mac_smoosh_S4W995_1.jpg","PARENT_CAT_ID":"CAT13852","PRODUCT_ID":"PROD340","CUSTOM_PALETTE_MEDIUM_IMAGE":null,"CUSTOM_PALETTE_LARGE_IMAGE":null,"SKU_NOTES":null,"PRODUCT_SIZE":"1.45 g","DEFAULT_SKU":0,"INTENSITY":null,"SHADE_DESCRIPTION":"Midtonal cream plum","PRODUCT_TYPE":null,"INVENTORY_STATUS":1,"SMALL_IMAGE":"\/media\/export\/cms\/products\/124x163\/mac_sku_S4W995_124x163_0.jpg","PRICE_CHANGE_DATE":null,"ATTRIBUTE_COLOR_FAMILY":null,"SHADENAME":"Nightingale","isComingSoon":0,"RESTRICT_GROUP":null,"COVERAGE":null,"HEX_VALUE_STRING":"#91427e","FIBRE":null,"path":"CAT13852PROD340SKU72165","SKU_BASE_ID":72165,"FUTURE_PRICE":13,"DISPLAY_ORDER":31,"REFILLABLE":0,"AREA_OF_FACE":null,"USE":null,"PRICE2":null,"DISPLAY_STATUS":7},{"LARGE_IMAGE":["\/media\/export\/cms\/products\/640x600\/mac_sku_M38003_640x600_0.jpg"],"highVelocityQty":-1,"LIFE_OF_PRODUCT":2,"MEDIUM_IMAGE":["\/media\/export\/cms\/products\/280x320\/mac_sku_M38003_280x320_0.jpg"],"PRO_FLAG":0,"PRICE":13,"CUSTOM_PALETTE_SMALL_IMAGE":null,"isLimitedRemaining":0,"formattedPrice2":"\u00a313.00 ","formattedUnitPrice":"\u00a389.66  \/ 10g","FLASH_DESC":null,"PRODUCT_CODE":"M38003","isShoppable":1,"IMAGE_COLLECTION":"\/media\/export\/cms\/products\/collection\/mac_collection_M38003.jpg","IMAGE_SMOOSH":"\/media\/export\/cms\/products\/smoosh\/mac_smoosh_M38003.jpg","UNDERTONE":null,"isOrderable":1,"USE_WITH":null,"SKU_ID":"SKU2917","FINISH":null,"PRODUCT_FORM":"cream, pencil","SKU_MULTISHADED_IMAGE":"\/media\/export\/cms\/products\/smoosh\/mac_smoosh_M38003.jpg","worksWith":null,"formattedPrice":"\u00a313.00 ","SKU_MULTISHADED_IMAGE_HOVER":"\/media\/export\/cms\/products\/smoosh\/mac_smoosh_M38003_1.jpg","PARENT_CAT_ID":"CAT13852","PRODUCT_ID":"PROD340","CUSTOM_PALETTE_MEDIUM_IMAGE":null,"CUSTOM_PALETTE_LARGE_IMAGE":null,"SKU_NOTES":null,"PRODUCT_SIZE":"1.45g","DEFAULT_SKU":null,"INTENSITY":null,"SHADE_DESCRIPTION":"Intense golden red","PRODUCT_TYPE":null,"INVENTORY_STATUS":1,"SMALL_IMAGE":"\/media\/export\/cms\/products\/124x163\/mac_sku_M38003_124x163_0.jpg","PRICE_CHANGE_DATE":null,"ATTRIBUTE_COLOR_FAMILY":"warm_red","SHADENAME":"Brick","isComingSoon":0,"RESTRICT_GROUP":null,"COVERAGE":"sheer, medium, full","HEX_VALUE_STRING":"#9c4a51","FIBRE":null,"path":"CAT13852PROD340SKU2917","SKU_BASE_ID":2917,"FUTURE_PRICE":13,"DISPLAY_ORDER":32,"REFILLABLE":0,"AREA_OF_FACE":"lips","USE":null,"PRICE2":null,"DISPLAY_STATUS":7},{"LARGE_IMAGE":["\/media\/export\/cms\/products\/640x600\/mac_sku_S4W902_640x600_0.jpg"],"highVelocityQty":-1,"LIFE_OF_PRODUCT":2,"MEDIUM_IMAGE":["\/media\/export\/cms\/products\/280x320\/mac_sku_S4W902_280x320_0.jpg"],"PRO_FLAG":0,"PRICE":13,"CUSTOM_PALETTE_SMALL_IMAGE":null,"isLimitedRemaining":0,"formattedPrice2":"\u00a313.00 ","formattedUnitPrice":"","FLASH_DESC":null,"PRODUCT_CODE":"S4W902","isShoppable":1,"IMAGE_COLLECTION":"\/media\/export\/cms\/products\/collection\/mac_collection_S4W902.jpg","IMAGE_SMOOSH":"\/media\/export\/cms\/products\/smoosh\/mac_smoosh_S4W902.jpg","UNDERTONE":null,"isOrderable":1,"USE_WITH":null,"SKU_ID":"SKU72144","FINISH":null,"PRODUCT_FORM":null,"SKU_MULTISHADED_IMAGE":"\/media\/export\/cms\/products\/smoosh\/mac_smoosh_S4W902.jpg","worksWith":null,"formattedPrice":"\u00a313.00 ","SKU_MULTISHADED_IMAGE_HOVER":"\/media\/export\/cms\/products\/smoosh\/mac_smoosh_S4W902_1.jpg","PARENT_CAT_ID":"CAT13852","PRODUCT_ID":"PROD340","CUSTOM_PALETTE_MEDIUM_IMAGE":null,"CUSTOM_PALETTE_LARGE_IMAGE":null,"SKU_NOTES":null,"PRODUCT_SIZE":"1.45 g","DEFAULT_SKU":0,"INTENSITY":null,"SHADE_DESCRIPTION":"Vivid reddish pink","PRODUCT_TYPE":null,"INVENTORY_STATUS":1,"SMALL_IMAGE":"\/media\/export\/cms\/products\/124x163\/mac_sku_S4W902_124x163_0.jpg","PRICE_CHANGE_DATE":null,"ATTRIBUTE_COLOR_FAMILY":null,"SHADENAME":"Beet","isComingSoon":0,"RESTRICT_GROUP":null,"COVERAGE":null,"HEX_VALUE_STRING":"#9f4a60","FIBRE":null,"path":"CAT13852PROD340SKU72144","SKU_BASE_ID":72144,"FUTURE_PRICE":13,"DISPLAY_ORDER":33,"REFILLABLE":0,"AREA_OF_FACE":null,"USE":null,"PRICE2":null,"DISPLAY_STATUS":7},{"LARGE_IMAGE":["\/media\/export\/cms\/products\/640x600\/mac_sku_M38019_640x600_0.jpg"],"highVelocityQty":-1,"LIFE_OF_PRODUCT":2,"MEDIUM_IMAGE":["\/media\/export\/cms\/products\/280x320\/mac_sku_M38019_280x320_0.jpg"],"PRO_FLAG":0,"PRICE":13,"CUSTOM_PALETTE_SMALL_IMAGE":null,"isLimitedRemaining":0,"formattedPrice2":"\u00a313.00 ","formattedUnitPrice":"\u00a389.66  \/ 10g","FLASH_DESC":null,"PRODUCT_CODE":"M38019","isShoppable":1,"IMAGE_COLLECTION":"\/media\/export\/cms\/products\/collection\/mac_collection_M38019.jpg","IMAGE_SMOOSH":"\/media\/export\/cms\/products\/smoosh\/mac_smoosh_M38019.jpg","UNDERTONE":null,"isOrderable":1,"USE_WITH":null,"SKU_ID":"SKU2932","FINISH":null,"PRODUCT_FORM":"cream, pencil","SKU_MULTISHADED_IMAGE":"\/media\/export\/cms\/products\/smoosh\/mac_smoosh_M38019.jpg","worksWith":null,"formattedPrice":"\u00a313.00 ","SKU_MULTISHADED_IMAGE_HOVER":"\/media\/export\/cms\/products\/smoosh\/mac_smoosh_M38019_1.jpg","PARENT_CAT_ID":"CAT13852","PRODUCT_ID":"PROD340","CUSTOM_PALETTE_MEDIUM_IMAGE":null,"CUSTOM_PALETTE_LARGE_IMAGE":null,"SKU_NOTES":null,"PRODUCT_SIZE":"1.45g","DEFAULT_SKU":null,"INTENSITY":null,"SHADE_DESCRIPTION":"Potent reddened plum","PRODUCT_TYPE":null,"INVENTORY_STATUS":1,"SMALL_IMAGE":"\/media\/export\/cms\/products\/124x163\/mac_sku_M38019_124x163_0.jpg","PRICE_CHANGE_DATE":null,"ATTRIBUTE_COLOR_FAMILY":"purple","SHADENAME":"Plum","isComingSoon":0,"RESTRICT_GROUP":null,"COVERAGE":"sheer, medium, full","HEX_VALUE_STRING":"#825d63","FIBRE":null,"path":"CAT13852PROD340SKU2932","SKU_BASE_ID":2932,"FUTURE_PRICE":13,"DISPLAY_ORDER":34,"REFILLABLE":null,"AREA_OF_FACE":"lips","USE":null,"PRICE2":null,"DISPLAY_STATUS":7},{"LARGE_IMAGE":["\/media\/export\/cms\/products\/640x600\/mac_sku_S4W924_640x600_0.jpg"],"highVelocityQty":-1,"LIFE_OF_PRODUCT":2,"MEDIUM_IMAGE":["\/media\/export\/cms\/products\/280x320\/mac_sku_S4W924_280x320_0.jpg"],"PRO_FLAG":0,"PRICE":13,"CUSTOM_PALETTE_SMALL_IMAGE":null,"isLimitedRemaining":0,"formattedPrice2":"\u00a313.00 ","formattedUnitPrice":"","FLASH_DESC":null,"PRODUCT_CODE":"S4W924","isShoppable":1,"IMAGE_COLLECTION":"\/media\/export\/cms\/products\/collection\/mac_collection_S4W924.jpg","IMAGE_SMOOSH":"\/media\/export\/cms\/products\/smoosh\/mac_smoosh_S4W924.jpg","UNDERTONE":null,"isOrderable":1,"USE_WITH":null,"SKU_ID":"SKU72152","FINISH":null,"PRODUCT_FORM":null,"SKU_MULTISHADED_IMAGE":"\/media\/export\/cms\/products\/smoosh\/mac_smoosh_S4W924.jpg","worksWith":null,"formattedPrice":"\u00a313.00 ","SKU_MULTISHADED_IMAGE_HOVER":"\/media\/export\/cms\/products\/smoosh\/mac_smoosh_S4W924_1.jpg","PARENT_CAT_ID":"CAT13852","PRODUCT_ID":"PROD340","CUSTOM_PALETTE_MEDIUM_IMAGE":null,"CUSTOM_PALETTE_LARGE_IMAGE":null,"SKU_NOTES":null,"PRODUCT_SIZE":"1.45 g","DEFAULT_SKU":0,"INTENSITY":null,"SHADE_DESCRIPTION":"Intense violet purple","PRODUCT_TYPE":null,"INVENTORY_STATUS":1,"SMALL_IMAGE":"\/media\/export\/cms\/products\/124x163\/mac_sku_S4W924_124x163_0.jpg","PRICE_CHANGE_DATE":null,"ATTRIBUTE_COLOR_FAMILY":null,"SHADENAME":"Vino","isComingSoon":0,"RESTRICT_GROUP":null,"COVERAGE":null,"HEX_VALUE_STRING":"#6f4e57","FIBRE":null,"path":"CAT13852PROD340SKU72152","SKU_BASE_ID":72152,"FUTURE_PRICE":13,"DISPLAY_ORDER":35,"REFILLABLE":0,"AREA_OF_FACE":null,"USE":null,"PRICE2":null,"DISPLAY_STATUS":7},{"LARGE_IMAGE":["\/media\/export\/cms\/products\/640x600\/mac_sku_S4W915_640x600_0.jpg"],"highVelocityQty":-1,"LIFE_OF_PRODUCT":2,"MEDIUM_IMAGE":["\/media\/export\/cms\/products\/280x320\/mac_sku_S4W915_280x320_0.jpg"],"PRO_FLAG":0,"PRICE":13,"CUSTOM_PALETTE_SMALL_IMAGE":null,"isLimitedRemaining":0,"formattedPrice2":"\u00a313.00 ","formattedUnitPrice":"","FLASH_DESC":null,"PRODUCT_CODE":"S4W915","isShoppable":1,"IMAGE_COLLECTION":"\/media\/export\/cms\/products\/collection\/mac_collection_S4W915.jpg","IMAGE_SMOOSH":"\/media\/export\/cms\/products\/smoosh\/mac_smoosh_S4W915.jpg","UNDERTONE":null,"isOrderable":1,"USE_WITH":null,"SKU_ID":"SKU72150","FINISH":null,"PRODUCT_FORM":null,"SKU_MULTISHADED_IMAGE":"\/media\/export\/cms\/products\/smoosh\/mac_smoosh_S4W915.jpg","worksWith":null,"formattedPrice":"\u00a313.00 ","SKU_MULTISHADED_IMAGE_HOVER":"\/media\/export\/cms\/products\/smoosh\/mac_smoosh_S4W915_1.jpg","PARENT_CAT_ID":"CAT13852","PRODUCT_ID":"PROD340","CUSTOM_PALETTE_MEDIUM_IMAGE":null,"CUSTOM_PALETTE_LARGE_IMAGE":null,"SKU_NOTES":null,"PRODUCT_SIZE":"1.45 g","DEFAULT_SKU":0,"INTENSITY":null,"SHADE_DESCRIPTION":"Intense reddish brown","PRODUCT_TYPE":null,"INVENTORY_STATUS":1,"SMALL_IMAGE":"\/media\/export\/cms\/products\/124x163\/mac_sku_S4W915_124x163_0.jpg","PRICE_CHANGE_DATE":null,"ATTRIBUTE_COLOR_FAMILY":null,"SHADENAME":"Mahogany","isComingSoon":0,"RESTRICT_GROUP":null,"COVERAGE":null,"HEX_VALUE_STRING":"#7e5655","FIBRE":null,"path":"CAT13852PROD340SKU72150","SKU_BASE_ID":72150,"FUTURE_PRICE":13,"DISPLAY_ORDER":36,"REFILLABLE":0,"AREA_OF_FACE":null,"USE":null,"PRICE2":null,"DISPLAY_STATUS":7},{"LARGE_IMAGE":["\/media\/export\/cms\/products\/640x600\/mac_sku_S4W933_640x600_0.jpg"],"highVelocityQty":-1,"LIFE_OF_PRODUCT":2,"MEDIUM_IMAGE":["\/media\/export\/cms\/products\/280x320\/mac_sku_S4W933_280x320_0.jpg"],"PRO_FLAG":0,"PRICE":13,"CUSTOM_PALETTE_SMALL_IMAGE":null,"isLimitedRemaining":0,"formattedPrice2":"\u00a313.00 ","formattedUnitPrice":"","FLASH_DESC":null,"PRODUCT_CODE":"S4W933","isShoppable":1,"IMAGE_COLLECTION":"\/media\/export\/cms\/products\/collection\/mac_collection_S4W933.jpg","IMAGE_SMOOSH":"\/media\/export\/cms\/products\/smoosh\/mac_smoosh_S4W933.jpg","UNDERTONE":null,"isOrderable":1,"USE_WITH":null,"SKU_ID":"SKU72154","FINISH":null,"PRODUCT_FORM":null,"SKU_MULTISHADED_IMAGE":"\/media\/export\/cms\/products\/smoosh\/mac_smoosh_S4W933.jpg","worksWith":null,"formattedPrice":"\u00a313.00 ","SKU_MULTISHADED_IMAGE_HOVER":"\/media\/export\/cms\/products\/smoosh\/mac_smoosh_S4W933_1.jpg","PARENT_CAT_ID":"CAT13852","PRODUCT_ID":"PROD340","CUSTOM_PALETTE_MEDIUM_IMAGE":null,"CUSTOM_PALETTE_LARGE_IMAGE":null,"SKU_NOTES":null,"PRODUCT_SIZE":"1.45 g","DEFAULT_SKU":0,"INTENSITY":null,"SHADE_DESCRIPTION":"Brownish burgundy","PRODUCT_TYPE":null,"INVENTORY_STATUS":1,"SMALL_IMAGE":"\/media\/export\/cms\/products\/124x163\/mac_sku_S4W933_124x163_0.jpg","PRICE_CHANGE_DATE":null,"ATTRIBUTE_COLOR_FAMILY":null,"SHADENAME":"Burgundy","isComingSoon":0,"RESTRICT_GROUP":null,"COVERAGE":null,"HEX_VALUE_STRING":"#6b4045","FIBRE":null,"path":"CAT13852PROD340SKU72154","SKU_BASE_ID":72154,"FUTURE_PRICE":13,"DISPLAY_ORDER":37,"REFILLABLE":0,"AREA_OF_FACE":null,"USE":null,"PRICE2":null,"DISPLAY_STATUS":7},{"LARGE_IMAGE":["\/media\/export\/cms\/products\/640x600\/mac_sku_S4W953_640x600_0.jpg"],"highVelocityQty":-1,"LIFE_OF_PRODUCT":2,"MEDIUM_IMAGE":["\/media\/export\/cms\/products\/280x320\/mac_sku_S4W953_280x320_0.jpg"],"PRO_FLAG":0,"PRICE":13,"CUSTOM_PALETTE_SMALL_IMAGE":null,"isLimitedRemaining":0,"formattedPrice2":"\u00a313.00 ","formattedUnitPrice":"","FLASH_DESC":null,"PRODUCT_CODE":"S4W953","isShoppable":1,"IMAGE_COLLECTION":"\/media\/export\/cms\/products\/collection\/mac_collection_S4W953.jpg","IMAGE_SMOOSH":"\/media\/export\/cms\/products\/smoosh\/mac_smoosh_S4W953.jpg","UNDERTONE":null,"isOrderable":1,"USE_WITH":null,"SKU_ID":"SKU72156","FINISH":null,"PRODUCT_FORM":null,"SKU_MULTISHADED_IMAGE":"\/media\/export\/cms\/products\/smoosh\/mac_smoosh_S4W953.jpg","worksWith":null,"formattedPrice":"\u00a313.00 ","SKU_MULTISHADED_IMAGE_HOVER":"\/media\/export\/cms\/products\/smoosh\/mac_smoosh_S4W953_1.jpg","PARENT_CAT_ID":"CAT13852","PRODUCT_ID":"PROD340","CUSTOM_PALETTE_MEDIUM_IMAGE":null,"CUSTOM_PALETTE_LARGE_IMAGE":null,"SKU_NOTES":null,"PRODUCT_SIZE":"1.45 g","DEFAULT_SKU":0,"INTENSITY":null,"SHADE_DESCRIPTION":"Soft burgundy","PRODUCT_TYPE":null,"INVENTORY_STATUS":1,"SMALL_IMAGE":"\/media\/export\/cms\/products\/124x163\/mac_sku_S4W953_124x163_0.jpg","PRICE_CHANGE_DATE":null,"ATTRIBUTE_COLOR_FAMILY":null,"SHADENAME":"Half-Red","isComingSoon":0,"RESTRICT_GROUP":null,"COVERAGE":null,"HEX_VALUE_STRING":"#935d69","FIBRE":null,"path":"CAT13852PROD340SKU72156","SKU_BASE_ID":72156,"FUTURE_PRICE":13,"DISPLAY_ORDER":38,"REFILLABLE":0,"AREA_OF_FACE":null,"USE":null,"PRICE2":null,"DISPLAY_STATUS":7},{"LARGE_IMAGE":["\/media\/export\/cms\/products\/640x600\/mac_sku_M38006_640x600_0.jpg"],"highVelocityQty":-1,"LIFE_OF_PRODUCT":2,"MEDIUM_IMAGE":["\/media\/export\/cms\/products\/280x320\/mac_sku_M38006_280x320_0.jpg"],"PRO_FLAG":0,"PRICE":13,"CUSTOM_PALETTE_SMALL_IMAGE":null,"isLimitedRemaining":0,"formattedPrice2":"\u00a313.00 ","formattedUnitPrice":"\u00a389.66  \/ 10g","FLASH_DESC":null,"PRODUCT_CODE":"M38006","isShoppable":1,"IMAGE_COLLECTION":"\/media\/export\/cms\/products\/collection\/mac_collection_M38006.jpg","IMAGE_SMOOSH":"\/media\/export\/cms\/products\/smoosh\/mac_smoosh_M38006.jpg","UNDERTONE":null,"isOrderable":1,"USE_WITH":null,"SKU_ID":"SKU2920","FINISH":null,"PRODUCT_FORM":"pencil","SKU_MULTISHADED_IMAGE":"\/media\/export\/cms\/products\/smoosh\/mac_smoosh_M38006.jpg","worksWith":null,"formattedPrice":"\u00a313.00 ","SKU_MULTISHADED_IMAGE_HOVER":"\/media\/export\/cms\/products\/smoosh\/mac_smoosh_M38006_1.jpg","PARENT_CAT_ID":"CAT13852","PRODUCT_ID":"PROD340","CUSTOM_PALETTE_MEDIUM_IMAGE":null,"CUSTOM_PALETTE_LARGE_IMAGE":null,"SKU_NOTES":null,"PRODUCT_SIZE":"1.45g","DEFAULT_SKU":null,"INTENSITY":null,"SHADE_DESCRIPTION":"Intense brown","PRODUCT_TYPE":null,"INVENTORY_STATUS":1,"SMALL_IMAGE":"\/media\/export\/cms\/products\/124x163\/mac_sku_M38006_124x163_0.jpg","PRICE_CHANGE_DATE":null,"ATTRIBUTE_COLOR_FAMILY":"brown","SHADENAME":"Chestnut","isComingSoon":0,"RESTRICT_GROUP":null,"COVERAGE":"medium","HEX_VALUE_STRING":"#7f5c57","FIBRE":null,"path":"CAT13852PROD340SKU2920","SKU_BASE_ID":2920,"FUTURE_PRICE":13,"DISPLAY_ORDER":39,"REFILLABLE":null,"AREA_OF_FACE":"lips","USE":null,"PRICE2":null,"DISPLAY_STATUS":7},{"LARGE_IMAGE":["\/media\/export\/cms\/products\/640x600\/mac_sku_M38010_640x600_0.jpg"],"highVelocityQty":-1,"LIFE_OF_PRODUCT":2,"MEDIUM_IMAGE":["\/media\/export\/cms\/products\/280x320\/mac_sku_M38010_280x320_0.jpg"],"PRO_FLAG":0,"PRICE":13,"CUSTOM_PALETTE_SMALL_IMAGE":null,"isLimitedRemaining":0,"formattedPrice2":"\u00a313.00 ","formattedUnitPrice":"\u00a389.66  \/ 10g","FLASH_DESC":null,"PRODUCT_CODE":"M38010","isShoppable":1,"IMAGE_COLLECTION":"\/media\/export\/cms\/products\/collection\/mac_collection_M38010.jpg","IMAGE_SMOOSH":"\/media\/export\/cms\/products\/smoosh\/mac_smoosh_M38010.jpg","UNDERTONE":null,"isOrderable":1,"USE_WITH":null,"SKU_ID":"SKU2924","FINISH":null,"PRODUCT_FORM":"cream, pencil","SKU_MULTISHADED_IMAGE":"\/media\/export\/cms\/products\/smoosh\/mac_smoosh_M38010.jpg","worksWith":null,"formattedPrice":"\u00a313.00 ","SKU_MULTISHADED_IMAGE_HOVER":"\/media\/export\/cms\/products\/smoosh\/mac_smoosh_M38010_1.jpg","PARENT_CAT_ID":"CAT13852","PRODUCT_ID":"PROD340","CUSTOM_PALETTE_MEDIUM_IMAGE":null,"CUSTOM_PALETTE_LARGE_IMAGE":null,"SKU_NOTES":null,"PRODUCT_SIZE":"1.45g","DEFAULT_SKU":null,"INTENSITY":null,"SHADE_DESCRIPTION":"Intense reddish-purple","PRODUCT_TYPE":null,"INVENTORY_STATUS":1,"SMALL_IMAGE":"\/media\/export\/cms\/products\/124x163\/mac_sku_M38010_124x163_0.jpg","PRICE_CHANGE_DATE":null,"ATTRIBUTE_COLOR_FAMILY":"plum","SHADENAME":"Currant","isComingSoon":0,"RESTRICT_GROUP":null,"COVERAGE":"sheer, medium, full","HEX_VALUE_STRING":"#5c3f44","FIBRE":null,"path":"CAT13852PROD340SKU2924","SKU_BASE_ID":2924,"FUTURE_PRICE":13,"DISPLAY_ORDER":40,"REFILLABLE":null,"AREA_OF_FACE":"lips","USE":null,"PRICE2":null,"DISPLAY_STATUS":7},{"LARGE_IMAGE":["\/media\/export\/cms\/products\/640x600\/mac_sku_M38058_640x600_0.jpg"],"highVelocityQty":-1,"LIFE_OF_PRODUCT":2,"MEDIUM_IMAGE":["\/media\/export\/cms\/products\/280x320\/mac_sku_M38058_280x320_0.jpg"],"PRO_FLAG":0,"PRICE":13,"CUSTOM_PALETTE_SMALL_IMAGE":null,"isLimitedRemaining":0,"formattedPrice2":"\u00a313.00 ","formattedUnitPrice":"\u00a389.66  \/ 10g","FLASH_DESC":null,"PRODUCT_CODE":"M38058","isShoppable":1,"IMAGE_COLLECTION":"\/media\/export\/cms\/products\/collection\/mac_collection_M38058.jpg","IMAGE_SMOOSH":"\/media\/export\/cms\/products\/smoosh\/mac_smoosh_M38058.jpg","UNDERTONE":null,"isOrderable":1,"USE_WITH":null,"SKU_ID":"SKU2955","FINISH":null,"PRODUCT_FORM":"cream, pencil","SKU_MULTISHADED_IMAGE":"\/media\/export\/cms\/products\/smoosh\/mac_smoosh_M38058.jpg","worksWith":null,"formattedPrice":"\u00a313.00 ","SKU_MULTISHADED_IMAGE_HOVER":"\/media\/export\/cms\/products\/smoosh\/mac_smoosh_M38058_1.jpg","PARENT_CAT_ID":"CAT13852","PRODUCT_ID":"PROD340","CUSTOM_PALETTE_MEDIUM_IMAGE":null,"CUSTOM_PALETTE_LARGE_IMAGE":null,"SKU_NOTES":null,"PRODUCT_SIZE":"1.45g","DEFAULT_SKU":null,"INTENSITY":null,"SHADE_DESCRIPTION":"Blackened plum","PRODUCT_TYPE":null,"INVENTORY_STATUS":1,"SMALL_IMAGE":"\/media\/export\/cms\/products\/124x163\/mac_sku_M38058_124x163_0.jpg","PRICE_CHANGE_DATE":null,"ATTRIBUTE_COLOR_FAMILY":"brown_black","SHADENAME":"Nightmoth","isComingSoon":0,"RESTRICT_GROUP":null,"COVERAGE":"sheer, medium, full","HEX_VALUE_STRING":"#514044","FIBRE":null,"path":"CAT13852PROD340SKU2955","SKU_BASE_ID":2955,"FUTURE_PRICE":13,"DISPLAY_ORDER":42,"REFILLABLE":0,"AREA_OF_FACE":"lips","USE":null,"PRICE2":null,"DISPLAY_STATUS":7},{"LARGE_IMAGE":["\/media\/export\/cms\/products\/640x600\/mac_sku_M38097_640x600_0.jpg"],"highVelocityQty":-1,"LIFE_OF_PRODUCT":2,"MEDIUM_IMAGE":["\/media\/export\/cms\/products\/280x320\/mac_sku_M38097_280x320_0.jpg"],"PRO_FLAG":0,"PRICE":13,"CUSTOM_PALETTE_SMALL_IMAGE":null,"isLimitedRemaining":0,"formattedPrice2":"\u00a313.00 ","formattedUnitPrice":"\u00a327.08  \/ 10g","FLASH_DESC":null,"PRODUCT_CODE":"M38097","isShoppable":1,"IMAGE_COLLECTION":"\/media\/export\/cms\/products\/collection\/mac_collection_M38097.jpg","IMAGE_SMOOSH":"\/media\/export\/cms\/products\/smoosh\/mac_smoosh_M38097.jpg","UNDERTONE":null,"isOrderable":1,"USE_WITH":null,"SKU_ID":"SKU61053","FINISH":null,"PRODUCT_FORM":null,"SKU_MULTISHADED_IMAGE":"\/media\/export\/cms\/products\/smoosh\/mac_smoosh_M38097.jpg","worksWith":null,"formattedPrice":"\u00a313.00 ","SKU_MULTISHADED_IMAGE_HOVER":"\/media\/export\/cms\/products\/smoosh\/mac_smoosh_M38097_1.jpg","PARENT_CAT_ID":"CAT13852","PRODUCT_ID":"PROD340","CUSTOM_PALETTE_MEDIUM_IMAGE":null,"CUSTOM_PALETTE_LARGE_IMAGE":null,"SKU_NOTES":null,"PRODUCT_SIZE":"4.8g","DEFAULT_SKU":0,"INTENSITY":null,"SHADE_DESCRIPTION":"Intense blackishpurple","PRODUCT_TYPE":null,"INVENTORY_STATUS":1,"SMALL_IMAGE":"\/media\/export\/cms\/products\/124x163\/mac_sku_M38097_124x163_0.jpg","PRICE_CHANGE_DATE":null,"ATTRIBUTE_COLOR_FAMILY":null,"SHADENAME":"Cyber World","isComingSoon":0,"RESTRICT_GROUP":null,"COVERAGE":null,"HEX_VALUE_STRING":"#4f4e76","FIBRE":null,"path":"CAT13852PROD340SKU61053","SKU_BASE_ID":61053,"FUTURE_PRICE":13,"DISPLAY_ORDER":43,"REFILLABLE":0,"AREA_OF_FACE":null,"USE":null,"PRICE2":null,"DISPLAY_STATUS":7},{"LARGE_IMAGE":["\/media\/export\/cms\/products\/640x600\/mac_sku_S4W920_640x600_0.jpg"],"highVelocityQty":-1,"LIFE_OF_PRODUCT":2,"MEDIUM_IMAGE":["\/media\/export\/cms\/products\/280x320\/mac_sku_S4W920_280x320_0.jpg"],"PRO_FLAG":0,"PRICE":13,"CUSTOM_PALETTE_SMALL_IMAGE":null,"isLimitedRemaining":0,"formattedPrice2":"\u00a313.00 ","formattedUnitPrice":"","FLASH_DESC":null,"PRODUCT_CODE":"S4W920","isShoppable":1,"IMAGE_COLLECTION":"\/media\/export\/cms\/products\/collection\/mac_collection_S4W920.jpg","IMAGE_SMOOSH":"\/media\/export\/cms\/products\/smoosh\/mac_smoosh_S4W920.jpg","UNDERTONE":null,"isOrderable":1,"USE_WITH":null,"SKU_ID":"SKU72151","FINISH":null,"PRODUCT_FORM":null,"SKU_MULTISHADED_IMAGE":"\/media\/export\/cms\/products\/smoosh\/mac_smoosh_S4W920.jpg","worksWith":null,"formattedPrice":"\u00a313.00 ","SKU_MULTISHADED_IMAGE_HOVER":"\/media\/export\/cms\/products\/smoosh\/mac_smoosh_S4W920_1.jpg","PARENT_CAT_ID":"CAT13852","PRODUCT_ID":"PROD340","CUSTOM_PALETTE_MEDIUM_IMAGE":null,"CUSTOM_PALETTE_LARGE_IMAGE":null,"SKU_NOTES":null,"PRODUCT_SIZE":"1.45 g","DEFAULT_SKU":0,"INTENSITY":null,"SHADE_DESCRIPTION":"Clearly red","PRODUCT_TYPE":null,"INVENTORY_STATUS":1,"SMALL_IMAGE":"\/media\/export\/cms\/products\/124x163\/mac_sku_S4W920_124x163_0.jpg","PRICE_CHANGE_DATE":null,"ATTRIBUTE_COLOR_FAMILY":null,"SHADENAME":"Redd","isComingSoon":0,"RESTRICT_GROUP":null,"COVERAGE":null,"HEX_VALUE_STRING":"","FIBRE":null,"path":"CAT13852PROD340SKU72151","SKU_BASE_ID":72151,"FUTURE_PRICE":13,"DISPLAY_ORDER":44,"REFILLABLE":0,"AREA_OF_FACE":null,"USE":null,"PRICE2":null,"DISPLAY_STATUS":7}],"PRODUCT_TYPE":1,"IS_MULTISHADED":null,"FORMULA":null,"SMALL_IMAGE":"\/media\/export\/cms\/products\/124x163\/mac_sku_M380_124x163_0.jpg","AVERAGE_RATING_ROUNDED":4.5,"RESTRICT_GROUP":null,"PROD_RGN_SUBHEADING":null,"RECOMMENDED_PERCENT":11,"SHORT_DESC":"A pencil in a wide range of colours designed for shaping, lining or filling in lips.","path":"CAT13852PROD340","RECOMMENDED_COUNT":9,"shaded":1,"DISPLAY_STATUS":7,"buildCanonicalURL":"\/product\/13852\/340\/products\/makeup\/lips\/lip-pencil\/lip-pencil","ONLY_RATINGS_COUNT":10,"sku_as_product":true,"defaultSku":{"LARGE_IMAGE":["\/media\/export\/cms\/products\/640x600\/mac_sku_M38052_640x600_0.jpg"],"highVelocityQty":-1,"LIFE_OF_PRODUCT":2,"MEDIUM_IMAGE":"\/media\/export\/cms\/products\/280x320\/mac_sku_M38052_280x320_0.jpg","PRO_FLAG":0,"PRICE":13,"CUSTOM_PALETTE_SMALL_IMAGE":null,"isLimitedRemaining":0,"formattedPrice2":"\u00a313.00 ","formattedUnitPrice":"","FLASH_DESC":null,"PRODUCT_CODE":"M38052","isShoppable":1,"IMAGE_COLLECTION":"\/media\/export\/cms\/products\/collection\/mac_collection_M38052.jpg","IMAGE_SMOOSH":"\/media\/export\/cms\/products\/smoosh\/mac_smoosh_M38052.jpg","UNDERTONE":null,"isOrderable":1,"USE_WITH":null,"SKU_ID":"SKU2952","FINISH":null,"PRODUCT_FORM":"cream, pencil","SKU_MULTISHADED_IMAGE":"\/media\/export\/cms\/products\/smoosh\/mac_smoosh_M38052.jpg","worksWith":null,"formattedPrice":"\u00a313.00 ","SKU_MULTISHADED_IMAGE_HOVER":"\/media\/export\/cms\/products\/smoosh\/mac_smoosh_M38052_1.jpg","PARENT_CAT_ID":"CAT13852","PRODUCT_ID":"PROD340","CUSTOM_PALETTE_MEDIUM_IMAGE":null,"CUSTOM_PALETTE_LARGE_IMAGE":null,"SKU_NOTES":null,"PRODUCT_SIZE":"1.45 g","DEFAULT_SKU":0,"INTENSITY":null,"SHADE_DESCRIPTION":"Underground pink","PRODUCT_TYPE":null,"INVENTORY_STATUS":1,"SMALL_IMAGE":"\/media\/export\/cms\/products\/124x163\/mac_sku_M38052_124x163_0.jpg","PRICE_CHANGE_DATE":null,"ATTRIBUTE_COLOR_FAMILY":"plum_beige","SHADENAME":"Subculture","isComingSoon":0,"RESTRICT_GROUP":null,"COVERAGE":"sheer, medium, full","HEX_VALUE_STRING":"#b1847c","FIBRE":null,"path":"CAT13852PROD340SKU2952","SKU_BASE_ID":2952,"FUTURE_PRICE":13,"DISPLAY_ORDER":12,"REFILLABLE":0,"AREA_OF_FACE":"lips","USE":null,"PRICE2":null,"DISPLAY_STATUS":7},"qs_shade_route":"#\/shade\/Subculture","sku_count":38,"spp_show_shade_filter":true,"single_shade":false},{"NAME_SHORT":null,"LARGE_IMAGE":["\/media\/export\/cms\/products\/640x600\/mac_sku_S4EE01_640x600_0.jpg"],"AVERAGE_RATING_PERCENT":null,"PRODUCT_BUZZWORDS":"Fluffy Bundles, 2 Lengths, Customizable","MEDIUM_IMAGE":"\/media\/export\/cms\/products\/280x320\/mac_sku_S4EE01_280x320_0.jpg","PRO_FLAG":0,"CUSTOM_PALETTE_SMALL_IMAGE":null,"CLAIMS":null,"url":"\/product\/13837\/46219\/products\/makeup\/eyes\/lash\/50-small-cluster-lash-james-kaliardos","category":{"CAT_BASE_ID":13837,"BREADCRUMB_MENU_CAT_ID":null,"url":"\/products\/13837\/products\/makeup\/eyes\/lash","DESCRIPTION":null,"CATEGORY_ID":"CAT13837","CATEGORY_NAME":"Lash","ROOTS1":null},"RATING_IMAGE":"\/images\/global\/transparent.gif","isShoppable":1,"IMAGE_COLLECTION":"\/media\/export\/cms\/products\/collection\/mac_collection_S4EE01.jpg","IMAGE_SMOOSH":"\/media\/export\/cms\/products\/smoosh\/mac_smoosh_S4EE01.jpg","PRODUCT_USAGE":"\u003Cul\u003E\u003Cli\u003E Trim full lash to fit your eye shape\/length. \u003C\/li\u003E\u003Cli\u003E Apply a small amount of lash glue to the strip \u003C\/li\u003E\u003Cli\u003E Allow 30 seconds for glue to become tacky. \u003C\/li\u003E\u003Cli\u003EPosition the strip at the base of your natural lashes. \u003C\/li\u003E\u003Cli\u003E Gently press onto the lash line. \u003C\/li\u003E\u003Cli\u003E If properly cared for and cleaned, lashes can be reworn and reshaped. \u003C\/li\u003E\u003C\/ul\u003E","AVERAGE_RATING":null,"RATING_RANGE":null,"TOTAL_REVIEW_COUNT":null,"DEFAULT_CAT_ID":"CAT13837","worksWithSkuIds":["SKU77222","SKU77226","SKU2952","SKU77227","SKU77307","SKU77230"],"DESCRIPTION":"Fluffy bundles in two lengths available in one package for customization. Lashes are handmade to exact specifications. Each design is perfectly shaped and arranged to give a striking effect, whether natural or dramatic. Available in a variety of shapes and densities. If properly cared for, lashes can be reshaped or adorned. Custom packaging with James\u2019 signature in gold.","worksWith":["PROD46136","PROD46137","PROD340","PROD46138","PROD46217","PROD46139"],"AWARD_1":null,"PARENT_CAT_ID":"CAT13837","PRODUCT_ID":"PROD46219","palette":1,"CUSTOM_PALETTE_MEDIUM_IMAGE":null,"CUSTOM_PALETTE_LARGE_IMAGE":null,"PROD_BASE_ID":46219,"PROD_RGN_NAME":"#50 Small Cluster Lash \/ James Kaliardos","SUB_LINE":null,"sized":0,"skus":[{"LARGE_IMAGE":["\/media\/export\/cms\/products\/640x600\/mac_sku_S4EE01_640x600_0.jpg"],"highVelocityQty":-1,"LIFE_OF_PRODUCT":1,"MEDIUM_IMAGE":["\/media\/export\/cms\/products\/280x320\/mac_sku_S4EE01_280x320_0.jpg"],"PRO_FLAG":0,"PRICE":11.5,"CUSTOM_PALETTE_SMALL_IMAGE":null,"isLimitedRemaining":0,"formattedPrice2":"\u00a311.50 ","formattedUnitPrice":"","FLASH_DESC":null,"PRODUCT_CODE":"S4EE01","isShoppable":1,"IMAGE_COLLECTION":"\/media\/export\/cms\/products\/collection\/mac_collection_S4EE01.jpg","IMAGE_SMOOSH":"\/media\/export\/cms\/products\/smoosh\/mac_smoosh_S4EE01.jpg","UNDERTONE":null,"isOrderable":1,"USE_WITH":null,"SKU_ID":"SKU77309","FINISH":null,"PRODUCT_FORM":null,"SKU_MULTISHADED_IMAGE":"\/media\/export\/cms\/products\/smoosh\/mac_smoosh_S4EE01.jpg","worksWith":null,"formattedPrice":"\u00a311.50 ","SKU_MULTISHADED_IMAGE_HOVER":"\/media\/export\/cms\/products\/smoosh\/mac_smoosh_S4EE01_1.jpg","PARENT_CAT_ID":"CAT13837","PRODUCT_ID":"PROD46219","CUSTOM_PALETTE_MEDIUM_IMAGE":null,"CUSTOM_PALETTE_LARGE_IMAGE":null,"SKU_NOTES":null,"PRODUCT_SIZE":null,"DEFAULT_SKU":0,"INTENSITY":null,"SHADE_DESCRIPTION":null,"PRODUCT_TYPE":null,"INVENTORY_STATUS":1,"SMALL_IMAGE":"\/media\/export\/cms\/products\/124x163\/mac_sku_S4EE01_124x163_0.jpg","PRICE_CHANGE_DATE":null,"ATTRIBUTE_COLOR_FAMILY":null,"SHADENAME":null,"isComingSoon":0,"RESTRICT_GROUP":null,"COVERAGE":null,"HEX_VALUE_STRING":"","FIBRE":null,"path":"CAT13837PROD46219SKU77309","SKU_BASE_ID":77309,"FUTURE_PRICE":11.5,"DISPLAY_ORDER":0,"REFILLABLE":0,"AREA_OF_FACE":null,"USE":null,"PRICE2":null,"DISPLAY_STATUS":7}],"PRODUCT_TYPE":3,"IS_MULTISHADED":null,"FORMULA":null,"SMALL_IMAGE":"\/media\/export\/cms\/products\/124x163\/mac_sku_S4EE01_124x163_0.jpg","AVERAGE_RATING_ROUNDED":null,"RESTRICT_GROUP":null,"PROD_RGN_SUBHEADING":null,"RECOMMENDED_PERCENT":null,"SHORT_DESC":"Fluffy bundles in two lengths available in one package for customization and versatility.","path":"CAT13837PROD46219","RECOMMENDED_COUNT":null,"shaded":0,"DISPLAY_STATUS":7,"buildCanonicalURL":"\/product\/13837\/46219\/products\/makeup\/eyes\/lash\/50-small-cluster-lash-james-kaliardos","ONLY_RATINGS_COUNT":null,"sku_as_product":true,"defaultSku":{"LARGE_IMAGE":["\/media\/export\/cms\/products\/640x600\/mac_sku_S4EE01_640x600_0.jpg"],"highVelocityQty":-1,"LIFE_OF_PRODUCT":1,"MEDIUM_IMAGE":"\/media\/export\/cms\/products\/280x320\/mac_sku_S4EE01_280x320_0.jpg","PRO_FLAG":0,"PRICE":11.5,"CUSTOM_PALETTE_SMALL_IMAGE":null,"isLimitedRemaining":0,"formattedPrice2":"\u00a311.50 ","formattedUnitPrice":"","FLASH_DESC":null,"PRODUCT_CODE":"S4EE01","isShoppable":1,"IMAGE_COLLECTION":"\/media\/export\/cms\/products\/collection\/mac_collection_S4EE01.jpg","IMAGE_SMOOSH":"\/media\/export\/cms\/products\/smoosh\/mac_smoosh_S4EE01.jpg","UNDERTONE":null,"isOrderable":1,"USE_WITH":null,"SKU_ID":"SKU77309","FINISH":null,"PRODUCT_FORM":null,"SKU_MULTISHADED_IMAGE":"\/media\/export\/cms\/products\/smoosh\/mac_smoosh_S4EE01.jpg","worksWith":null,"formattedPrice":"\u00a311.50 ","SKU_MULTISHADED_IMAGE_HOVER":"\/media\/export\/cms\/products\/smoosh\/mac_smoosh_S4EE01_1.jpg","PARENT_CAT_ID":"CAT13837","PRODUCT_ID":"PROD46219","CUSTOM_PALETTE_MEDIUM_IMAGE":null,"CUSTOM_PALETTE_LARGE_IMAGE":null,"SKU_NOTES":null,"PRODUCT_SIZE":null,"DEFAULT_SKU":0,"INTENSITY":null,"SHADE_DESCRIPTION":null,"PRODUCT_TYPE":null,"INVENTORY_STATUS":1,"SMALL_IMAGE":"\/media\/export\/cms\/products\/124x163\/mac_sku_S4EE01_124x163_0.jpg","PRICE_CHANGE_DATE":null,"ATTRIBUTE_COLOR_FAMILY":null,"SHADENAME":null,"isComingSoon":0,"RESTRICT_GROUP":null,"COVERAGE":null,"HEX_VALUE_STRING":"","FIBRE":null,"path":"CAT13837PROD46219SKU77309","SKU_BASE_ID":77309,"FUTURE_PRICE":11.5,"DISPLAY_ORDER":0,"REFILLABLE":0,"AREA_OF_FACE":null,"USE":null,"PRICE2":null,"DISPLAY_STATUS":7}},{"NAME_SHORT":null,"LARGE_IMAGE":["\/media\/export\/cms\/products\/640x600\/mac_sku_S4LL01_640x600_0.jpg"],"AVERAGE_RATING_PERCENT":null,"PRODUCT_BUZZWORDS":"Cream Colour Base\/Sculpting Powder, Lighter Shades, Portable","MEDIUM_IMAGE":"\/media\/export\/cms\/products\/280x320\/mac_sku_S4LL01_280x320_0.jpg","PRO_FLAG":0,"CUSTOM_PALETTE_SMALL_IMAGE":null,"CLAIMS":"CREAM COLOUR BASE:\u003Cul\u003E\u003Cli\u003E Non-drying \u003C\/li\u003E\u003Cli\u003E Water-resistant \u003C\/li\u003E\u003Cli\u003E Fragrance-free \u003C\/li\u003E\u003Cli\u003E Dermatologist tested \u003C\/li\u003E\u003Cli\u003E Ophthalmologist tested \u003C\/li\u003E\u003Cli\u003E For all skin types \u003C\/li\u003E\u003C\/ul\u003E                                 SCULPTING POWDER:\u003Cul\u003E\u003Cli\u003E Perfect for contouring face \u003C\/li\u003E\u003Cli\u003E Dermatologist tested \u003C\/li\u003E\u003Cli\u003E Ophthalmologist tested \u003C\/li\u003E\u003Cli\u003E Non-acnegenic \u003C\/li\u003E\u003C\/ul\u003E","url":"\/product\/13845\/46220\/products\/makeup\/face\/face-kits\/full-face-kit-moons-of-saturn","category":{"CAT_BASE_ID":13845,"BREADCRUMB_MENU_CAT_ID":null,"url":"\/products\/13845\/products\/makeup\/face\/face-kits","DESCRIPTION":null,"CATEGORY_ID":"CAT13845","CATEGORY_NAME":"Face Kits","ROOTS1":null},"RATING_IMAGE":"\/images\/global\/transparent.gif","isShoppable":1,"IMAGE_COLLECTION":"\/media\/export\/cms\/products\/collection\/mac_collection_S4LL01.jpg","IMAGE_SMOOSH":"\/media\/export\/cms\/products\/smoosh\/mac_smoosh_S4LL01.jpg","PRODUCT_USAGE":"CREAM COLOUR BASE:\u003Cul\u003E\u003Cli\u003E For use on eyes (not recommended for inner rim), cheeks or body. \u003C\/li\u003E\u003Cli\u003E Using a clean sanitized brush, sponge-tip applicator or Q-tip, apply product sparingly, layering more if desired. \u003C\/li\u003E\u003Cli\u003E Blend evenly with desired applicator and\/or fingertips. \u003C\/li\u003E\u003C\/ul\u003E               SCULPTING POWDER:Apply with a brush such as the 168 Large Angled Contour Brush to contour.","AVERAGE_RATING":null,"RATING_RANGE":null,"TOTAL_REVIEW_COUNT":null,"DEFAULT_CAT_ID":"CAT13845","worksWithSkuIds":["SKU77312","SKU77309","SKU77230","SKU77307","SKU77227","SKU77223"],"DESCRIPTION":"A Face Kit in a wave of lighter shades featuring a Cream Colour Base in bright pink coral and in pearlescent champagne, as well as a Sculpting Powder in matte golden bronze. Custom packaging in black with James\u2019 signature in gold.","worksWith":["PROD46222","PROD46219","PROD46139","PROD46217","PROD46138","PROD46136"],"AWARD_1":null,"PARENT_CAT_ID":"CAT13845","PRODUCT_ID":"PROD46220","palette":0,"CUSTOM_PALETTE_MEDIUM_IMAGE":null,"CUSTOM_PALETTE_LARGE_IMAGE":null,"PROD_BASE_ID":46220,"PROD_RGN_NAME":"Full Face Kit: Moons Of Saturn","SUB_LINE":null,"sized":1,"skus":[{"LARGE_IMAGE":["\/media\/export\/cms\/products\/640x600\/mac_sku_S4LL01_640x600_0.jpg","#\/media\/export\/cms\/products\/640x600\/mac_sku_S4LL01_640x600_1.jpg","\/media\/export\/cms\/products\/640x600\/mac_sku_S4LL01_640x600_2.jpg"],"highVelocityQty":-1,"LIFE_OF_PRODUCT":1,"MEDIUM_IMAGE":["\/media\/export\/cms\/products\/280x320\/mac_sku_S4LL01_280x320_0.jpg"],"PRO_FLAG":0,"PRICE":35,"CUSTOM_PALETTE_SMALL_IMAGE":null,"isLimitedRemaining":0,"formattedPrice2":"\u00a335.00 ","formattedUnitPrice":"\u00a336.84  \/ 10g","FLASH_DESC":null,"PRODUCT_CODE":"S4LL01","isShoppable":1,"IMAGE_COLLECTION":"\/media\/export\/cms\/products\/collection\/mac_collection_S4LL01.jpg","IMAGE_SMOOSH":"\/media\/export\/cms\/products\/smoosh\/mac_smoosh_S4LL01.jpg","UNDERTONE":null,"isOrderable":1,"USE_WITH":null,"SKU_ID":"SKU77310","FINISH":null,"PRODUCT_FORM":null,"SKU_MULTISHADED_IMAGE":"\/media\/export\/cms\/products\/smoosh\/mac_smoosh_S4LL01.jpg","worksWith":null,"formattedPrice":"\u00a335.00 ","SKU_MULTISHADED_IMAGE_HOVER":"\/media\/export\/cms\/products\/smoosh\/mac_smoosh_S4LL01_1.jpg","PARENT_CAT_ID":"CAT13845","PRODUCT_ID":"PROD46220","CUSTOM_PALETTE_MEDIUM_IMAGE":null,"CUSTOM_PALETTE_LARGE_IMAGE":null,"SKU_NOTES":"\u003Cul\u003E\u003Cli\u003ERhea : Bright pink coral\u003C\/li\u003E\u003Cli\u003EGypsum : Light golden champagne pearl with fine silver reflects\u003C\/li\u003E\u003Cli\u003ENatural Sandstone : Matte light golden bronze\u003C\/li\u003E\u003C\/ul\u003E","PRODUCT_SIZE":"9.5 g","DEFAULT_SKU":0,"INTENSITY":null,"SHADE_DESCRIPTION":null,"PRODUCT_TYPE":null,"INVENTORY_STATUS":1,"SMALL_IMAGE":"\/media\/export\/cms\/products\/124x163\/mac_sku_S4LL01_124x163_0.jpg","PRICE_CHANGE_DATE":null,"ATTRIBUTE_COLOR_FAMILY":null,"SHADENAME":null,"isComingSoon":0,"RESTRICT_GROUP":null,"COVERAGE":null,"HEX_VALUE_STRING":"","FIBRE":null,"path":"CAT13845PROD46220SKU77310","SKU_BASE_ID":77310,"FUTURE_PRICE":35,"DISPLAY_ORDER":0,"REFILLABLE":0,"AREA_OF_FACE":null,"USE":null,"PRICE2":null,"DISPLAY_STATUS":7}],"PRODUCT_TYPE":2,"IS_MULTISHADED":null,"FORMULA":null,"SMALL_IMAGE":"\/media\/export\/cms\/products\/124x163\/mac_sku_S4LL01_124x163_0.jpg","AVERAGE_RATING_ROUNDED":null,"RESTRICT_GROUP":null,"PROD_RGN_SUBHEADING":null,"RECOMMENDED_PERCENT":null,"SHORT_DESC":"A Face Kit in a wave of lighter shades with two Cream Colour Bases and a Sculpting Powder.","path":"CAT13845PROD46220","RECOMMENDED_COUNT":null,"shaded":0,"DISPLAY_STATUS":7,"buildCanonicalURL":"\/product\/13845\/46220\/products\/makeup\/face\/face-kits\/full-face-kit-moons-of-saturn","ONLY_RATINGS_COUNT":null,"sku_as_product":true,"defaultSku":{"LARGE_IMAGE":["\/media\/export\/cms\/products\/640x600\/mac_sku_S4LL01_640x600_0.jpg","#\/media\/export\/cms\/products\/640x600\/mac_sku_S4LL01_640x600_1.jpg","\/media\/export\/cms\/products\/640x600\/mac_sku_S4LL01_640x600_2.jpg"],"highVelocityQty":-1,"LIFE_OF_PRODUCT":1,"MEDIUM_IMAGE":"\/media\/export\/cms\/products\/280x320\/mac_sku_S4LL01_280x320_0.jpg","PRO_FLAG":0,"PRICE":35,"CUSTOM_PALETTE_SMALL_IMAGE":null,"isLimitedRemaining":0,"formattedPrice2":"\u00a335.00 ","formattedUnitPrice":"\u00a336.84  \/ 10g","FLASH_DESC":null,"PRODUCT_CODE":"S4LL01","isShoppable":1,"IMAGE_COLLECTION":"\/media\/export\/cms\/products\/collection\/mac_collection_S4LL01.jpg","IMAGE_SMOOSH":"\/media\/export\/cms\/products\/smoosh\/mac_smoosh_S4LL01.jpg","UNDERTONE":null,"isOrderable":1,"USE_WITH":null,"SKU_ID":"SKU77310","FINISH":null,"PRODUCT_FORM":null,"SKU_MULTISHADED_IMAGE":"\/media\/export\/cms\/products\/smoosh\/mac_smoosh_S4LL01.jpg","worksWith":null,"formattedPrice":"\u00a335.00 ","SKU_MULTISHADED_IMAGE_HOVER":"\/media\/export\/cms\/products\/smoosh\/mac_smoosh_S4LL01_1.jpg","PARENT_CAT_ID":"CAT13845","PRODUCT_ID":"PROD46220","CUSTOM_PALETTE_MEDIUM_IMAGE":null,"CUSTOM_PALETTE_LARGE_IMAGE":null,"SKU_NOTES":"\u003Cul\u003E\u003Cli\u003ERhea : Bright pink coral\u003C\/li\u003E\u003Cli\u003EGypsum : Light golden champagne pearl with fine silver reflects\u003C\/li\u003E\u003Cli\u003ENatural Sandstone : Matte light golden bronze\u003C\/li\u003E\u003C\/ul\u003E","PRODUCT_SIZE":"9.5 g","DEFAULT_SKU":0,"INTENSITY":null,"SHADE_DESCRIPTION":null,"PRODUCT_TYPE":null,"INVENTORY_STATUS":1,"SMALL_IMAGE":"\/media\/export\/cms\/products\/124x163\/mac_sku_S4LL01_124x163_0.jpg","PRICE_CHANGE_DATE":null,"ATTRIBUTE_COLOR_FAMILY":null,"SHADENAME":null,"isComingSoon":0,"RESTRICT_GROUP":null,"COVERAGE":null,"HEX_VALUE_STRING":"","FIBRE":null,"path":"CAT13845PROD46220SKU77310","SKU_BASE_ID":77310,"FUTURE_PRICE":35,"DISPLAY_ORDER":0,"REFILLABLE":0,"AREA_OF_FACE":null,"USE":null,"PRICE2":null,"DISPLAY_STATUS":7}},{"NAME_SHORT":null,"LARGE_IMAGE":["\/media\/export\/cms\/products\/640x600\/mac_sku_S4LL02_640x600_0.jpg"],"AVERAGE_RATING_PERCENT":null,"PRODUCT_BUZZWORDS":"Cream Colour Base\/Sculpting Powder, Darker Shades, Portable","MEDIUM_IMAGE":"\/media\/export\/cms\/products\/280x320\/mac_sku_S4LL02_280x320_0.jpg","PRO_FLAG":0,"CUSTOM_PALETTE_SMALL_IMAGE":null,"CLAIMS":"CREAM COLOUR BASE:\u003Cul\u003E\u003Cli\u003E Water-resistant \u003C\/li\u003E\u003Cli\u003E Non-drying \u003C\/lI\u003E\u003Cli\u003E Dermatologist tested \u003C\/li\u003E\u003Cli\u003E Ophthalmologist tested \u003C\/li\u003E\u003Cli\u003EFor all skin types \u003C\/li\u003E\u003Cli\u003E Fragrance-free \u003C\/li\u003E\u003C\/ul\u003E                                     SCULPTING POWDER:\u003Cul\u003E\u003Cli\u003E Perfect for contouring face \u003C\/li\u003E\u003Cli\u003E Dermatologist tested \u003C\/li\u003E\u003Cli\u003E Ophthalmologist tested \u003C\/li\u003E\u003Cli\u003E Non-acnegenic \u003C\/li\u003E\u003C\/ul\u003E","url":"\/product\/13845\/46221\/products\/makeup\/face\/face-kits\/full-face-kit-moons-of-jupiter","category":{"CAT_BASE_ID":13845,"BREADCRUMB_MENU_CAT_ID":null,"url":"\/products\/13845\/products\/makeup\/face\/face-kits","DESCRIPTION":null,"CATEGORY_ID":"CAT13845","CATEGORY_NAME":"Face Kits","ROOTS1":null},"RATING_IMAGE":"\/images\/global\/transparent.gif","isShoppable":1,"IMAGE_COLLECTION":"\/media\/export\/cms\/products\/collection\/mac_collection_S4LL02.jpg","IMAGE_SMOOSH":"\/media\/export\/cms\/products\/smoosh\/mac_smoosh_S4LL02.jpg","PRODUCT_USAGE":"CREAM COLOUR BASE:\u003Cul\u003E\u003Cli\u003E For use on eyes (not recommended for inner rim), cheeks or body. \u003C\/li\u003E\u003Cli\u003E Using a clean sanitized brush, sponge-tip applicator or Q-tip, apply product sparingly, layering more if desired. \u003C\/li\u003E\u003Cli\u003E Blend evenly with desired applicator and\/or fingertips. \u003C\/li\u003E\u003C\/ul\u003E             SCULPTING POWDER:Apply with a brush such as the 168 Large Angled Contour Brush to contour.","AVERAGE_RATING":null,"RATING_RANGE":null,"TOTAL_REVIEW_COUNT":null,"DEFAULT_CAT_ID":"CAT13845","worksWithSkuIds":["SKU77223","SKU2937","SKU77227","SKU1296","SKU77311","SKU77309"],"DESCRIPTION":"A Face Kit in a wave of darker shades that features a Cream Colour Base in reddish-plum, Cream Colour Base in rosy bronze and Sculpting Powder in matte deep reddish-brown. Custom packaging in black with James\u2019 signature in gold.","worksWith":["PROD46136","PROD340","PROD46138","PROD263","PROD46221","PROD46219"],"AWARD_1":null,"PARENT_CAT_ID":"CAT13845","PRODUCT_ID":"PROD46221","palette":0,"CUSTOM_PALETTE_MEDIUM_IMAGE":null,"CUSTOM_PALETTE_LARGE_IMAGE":null,"PROD_BASE_ID":46221,"PROD_RGN_NAME":"Full Face Kit: Moons Of Jupiter","SUB_LINE":null,"sized":1,"skus":[{"LARGE_IMAGE":["\/media\/export\/cms\/products\/640x600\/mac_sku_S4LL02_640x600_0.jpg","#\/media\/export\/cms\/products\/640x600\/mac_sku_S4LL02_640x600_1.jpg","\/media\/export\/cms\/products\/640x600\/mac_sku_S4LL02_640x600_2.jpg"],"highVelocityQty":-1,"LIFE_OF_PRODUCT":1,"MEDIUM_IMAGE":["\/media\/export\/cms\/products\/280x320\/mac_sku_S4LL02_280x320_0.jpg"],"PRO_FLAG":0,"PRICE":35,"CUSTOM_PALETTE_SMALL_IMAGE":null,"isLimitedRemaining":0,"formattedPrice2":"\u00a335.00 ","formattedUnitPrice":"\u00a336.84  \/ 10g","FLASH_DESC":null,"PRODUCT_CODE":"S4LL02","isShoppable":1,"IMAGE_COLLECTION":"\/media\/export\/cms\/products\/collection\/mac_collection_S4LL02.jpg","IMAGE_SMOOSH":"\/media\/export\/cms\/products\/smoosh\/mac_smoosh_S4LL02.jpg","UNDERTONE":null,"isOrderable":1,"USE_WITH":null,"SKU_ID":"SKU77311","FINISH":null,"PRODUCT_FORM":null,"SKU_MULTISHADED_IMAGE":"\/media\/export\/cms\/products\/smoosh\/mac_smoosh_S4LL02.jpg","worksWith":null,"formattedPrice":"\u00a335.00 ","SKU_MULTISHADED_IMAGE_HOVER":"\/media\/export\/cms\/products\/smoosh\/mac_smoosh_S4LL02_1.jpg","PARENT_CAT_ID":"CAT13845","PRODUCT_ID":"PROD46221","CUSTOM_PALETTE_MEDIUM_IMAGE":null,"CUSTOM_PALETTE_LARGE_IMAGE":null,"SKU_NOTES":null,"PRODUCT_SIZE":"9.5 g","DEFAULT_SKU":0,"INTENSITY":null,"SHADE_DESCRIPTION":null,"PRODUCT_TYPE":null,"INVENTORY_STATUS":1,"SMALL_IMAGE":"\/media\/export\/cms\/products\/124x163\/mac_sku_S4LL02_124x163_0.jpg","PRICE_CHANGE_DATE":null,"ATTRIBUTE_COLOR_FAMILY":null,"SHADENAME":null,"isComingSoon":0,"RESTRICT_GROUP":null,"COVERAGE":null,"HEX_VALUE_STRING":"","FIBRE":null,"path":"CAT13845PROD46221SKU77311","SKU_BASE_ID":77311,"FUTURE_PRICE":35,"DISPLAY_ORDER":0,"REFILLABLE":0,"AREA_OF_FACE":null,"USE":null,"PRICE2":null,"DISPLAY_STATUS":7}],"PRODUCT_TYPE":2,"IS_MULTISHADED":null,"FORMULA":null,"SMALL_IMAGE":"\/media\/export\/cms\/products\/124x163\/mac_sku_S4LL02_124x163_0.jpg","AVERAGE_RATING_ROUNDED":null,"RESTRICT_GROUP":null,"PROD_RGN_SUBHEADING":null,"RECOMMENDED_PERCENT":null,"SHORT_DESC":"A Face Kit in a wave of darker shades with two Cream Colour Bases and a Sculpting Powder.","path":"CAT13845PROD46221","RECOMMENDED_COUNT":null,"shaded":0,"DISPLAY_STATUS":7,"buildCanonicalURL":"\/product\/13845\/46221\/products\/makeup\/face\/face-kits\/full-face-kit-moons-of-jupiter","ONLY_RATINGS_COUNT":null,"sku_as_product":true,"defaultSku":{"LARGE_IMAGE":["\/media\/export\/cms\/products\/640x600\/mac_sku_S4LL02_640x600_0.jpg","#\/media\/export\/cms\/products\/640x600\/mac_sku_S4LL02_640x600_1.jpg","\/media\/export\/cms\/products\/640x600\/mac_sku_S4LL02_640x600_2.jpg"],"highVelocityQty":-1,"LIFE_OF_PRODUCT":1,"MEDIUM_IMAGE":"\/media\/export\/cms\/products\/280x320\/mac_sku_S4LL02_280x320_0.jpg","PRO_FLAG":0,"PRICE":35,"CUSTOM_PALETTE_SMALL_IMAGE":null,"isLimitedRemaining":0,"formattedPrice2":"\u00a335.00 ","formattedUnitPrice":"\u00a336.84  \/ 10g","FLASH_DESC":null,"PRODUCT_CODE":"S4LL02","isShoppable":1,"IMAGE_COLLECTION":"\/media\/export\/cms\/products\/collection\/mac_collection_S4LL02.jpg","IMAGE_SMOOSH":"\/media\/export\/cms\/products\/smoosh\/mac_smoosh_S4LL02.jpg","UNDERTONE":null,"isOrderable":1,"USE_WITH":null,"SKU_ID":"SKU77311","FINISH":null,"PRODUCT_FORM":null,"SKU_MULTISHADED_IMAGE":"\/media\/export\/cms\/products\/smoosh\/mac_smoosh_S4LL02.jpg","worksWith":null,"formattedPrice":"\u00a335.00 ","SKU_MULTISHADED_IMAGE_HOVER":"\/media\/export\/cms\/products\/smoosh\/mac_smoosh_S4LL02_1.jpg","PARENT_CAT_ID":"CAT13845","PRODUCT_ID":"PROD46221","CUSTOM_PALETTE_MEDIUM_IMAGE":null,"CUSTOM_PALETTE_LARGE_IMAGE":null,"SKU_NOTES":null,"PRODUCT_SIZE":"9.5 g","DEFAULT_SKU":0,"INTENSITY":null,"SHADE_DESCRIPTION":null,"PRODUCT_TYPE":null,"INVENTORY_STATUS":1,"SMALL_IMAGE":"\/media\/export\/cms\/products\/124x163\/mac_sku_S4LL02_124x163_0.jpg","PRICE_CHANGE_DATE":null,"ATTRIBUTE_COLOR_FAMILY":null,"SHADENAME":null,"isComingSoon":0,"RESTRICT_GROUP":null,"COVERAGE":null,"HEX_VALUE_STRING":"","FIBRE":null,"path":"CAT13845PROD46221SKU77311","SKU_BASE_ID":77311,"FUTURE_PRICE":35,"DISPLAY_ORDER":0,"REFILLABLE":0,"AREA_OF_FACE":null,"USE":null,"PRICE2":null,"DISPLAY_STATUS":7}},{"NAME_SHORT":null,"LARGE_IMAGE":["\/media\/export\/cms\/products\/640x600\/mac_sku_MRNG01_640x600_0.jpg"],"AVERAGE_RATING_PERCENT":null,"PRODUCT_BUZZWORDS":"For False Lashes, Precise, Convenient","MEDIUM_IMAGE":"\/media\/export\/cms\/products\/280x320\/mac_sku_MRNG01_280x320_0.jpg","PRO_FLAG":0,"CUSTOM_PALETTE_SMALL_IMAGE":null,"CLAIMS":null,"url":"\/product\/13811\/32724\/products\/brushes-tools\/tools\/applicators\/lash-applicator","category":{"CAT_BASE_ID":13811,"BREADCRUMB_MENU_CAT_ID":null,"url":"\/products\/13811\/products\/brushes-tools\/tools\/applicators","DESCRIPTION":null,"CATEGORY_ID":"CAT13811","CATEGORY_NAME":"Applicators","ROOTS1":null},"RATING_IMAGE":"\/images\/global\/transparent.gif","isShoppable":1,"IMAGE_COLLECTION":"\/media\/export\/cms\/products\/collection\/mac_collection_MRNG01.jpg","IMAGE_SMOOSH":"\/media\/export\/cms\/products\/smoosh\/mac_smoosh_MRNG01.jpg","PRODUCT_USAGE":"\u003Cul\u003E\u003Cli\u003EHold false lashes in place by placing the curved tip of the applicator at the base of the false lashes and squeeze gently until the tool closes.\u003C\/li\u003E\u003Cli\u003EPlace the false lashes on top of your lash line and release the grip for a simple and steady application.\u003C\/li\u003E\u003C\/ul\u003E","AVERAGE_RATING":null,"RATING_RANGE":null,"TOTAL_REVIEW_COUNT":null,"DEFAULT_CAT_ID":"CAT13811","worksWithSkuIds":["SKU3138","SKU5485","SKU5750","SKU5487","SKU5484","SKU5327"],"DESCRIPTION":"A sleek and convenient tool to help apply false lashes more precisely and easily. Hold false lashes in place by placing the curved tip of the applicator at the base of the false lashes and squeeze gently until the tool closes. Place the false lashes on top of your lash line and release the grip for a simple and steady application.","worksWith":["PROD321","PROD296","PROD413","PROD299","PROD291","PROD401"],"AWARD_1":null,"PARENT_CAT_ID":"CAT13811","PRODUCT_ID":"PROD32724","palette":0,"CUSTOM_PALETTE_MEDIUM_IMAGE":null,"CUSTOM_PALETTE_LARGE_IMAGE":null,"PROD_BASE_ID":32724,"PROD_RGN_NAME":"Lash Applicator","SUB_LINE":null,"sized":1,"skus":[{"LARGE_IMAGE":["\/media\/export\/cms\/products\/640x600\/mac_sku_MRNG01_640x600_0.jpg"],"highVelocityQty":-1,"LIFE_OF_PRODUCT":2,"MEDIUM_IMAGE":["\/media\/export\/cms\/products\/280x320\/mac_sku_MRNG01_280x320_0.jpg"],"PRO_FLAG":0,"PRICE":16,"CUSTOM_PALETTE_SMALL_IMAGE":null,"isLimitedRemaining":0,"formattedPrice2":"\u00a316.00 ","formattedUnitPrice":"","FLASH_DESC":null,"PRODUCT_CODE":"MRNG01","isShoppable":1,"IMAGE_COLLECTION":"\/media\/export\/cms\/products\/collection\/mac_collection_MRNG01.jpg","IMAGE_SMOOSH":"\/media\/export\/cms\/products\/smoosh\/mac_smoosh_MRNG01.jpg","UNDERTONE":null,"isOrderable":1,"USE_WITH":null,"SKU_ID":"SKU58604","FINISH":null,"PRODUCT_FORM":null,"SKU_MULTISHADED_IMAGE":"\/media\/export\/cms\/products\/smoosh\/mac_smoosh_MRNG01.jpg","worksWith":null,"formattedPrice":"\u00a316.00 ","SKU_MULTISHADED_IMAGE_HOVER":"\/media\/export\/cms\/products\/smoosh\/mac_smoosh_MRNG01_1.jpg","PARENT_CAT_ID":"CAT13811","PRODUCT_ID":"PROD32724","CUSTOM_PALETTE_MEDIUM_IMAGE":null,"CUSTOM_PALETTE_LARGE_IMAGE":null,"SKU_NOTES":null,"PRODUCT_SIZE":null,"DEFAULT_SKU":0,"INTENSITY":null,"SHADE_DESCRIPTION":null,"PRODUCT_TYPE":null,"INVENTORY_STATUS":1,"SMALL_IMAGE":"\/media\/export\/cms\/products\/124x163\/mac_sku_MRNG01_124x163_0.jpg","PRICE_CHANGE_DATE":null,"ATTRIBUTE_COLOR_FAMILY":null,"SHADENAME":null,"isComingSoon":0,"RESTRICT_GROUP":null,"COVERAGE":null,"HEX_VALUE_STRING":"","FIBRE":null,"path":"CAT13811PROD32724SKU58604","SKU_BASE_ID":58604,"FUTURE_PRICE":16,"DISPLAY_ORDER":0,"REFILLABLE":1,"AREA_OF_FACE":null,"USE":null,"PRICE2":null,"DISPLAY_STATUS":7}],"PRODUCT_TYPE":2,"IS_MULTISHADED":null,"FORMULA":null,"SMALL_IMAGE":"\/media\/export\/cms\/products\/124x163\/mac_sku_MRNG01_124x163_0.jpg","AVERAGE_RATING_ROUNDED":null,"RESTRICT_GROUP":null,"PROD_RGN_SUBHEADING":null,"RECOMMENDED_PERCENT":null,"SHORT_DESC":"A sleek and convenient tool to help apply false lashes more precisely and easily.","path":"CAT13811PROD32724","RECOMMENDED_COUNT":null,"shaded":0,"DISPLAY_STATUS":7,"buildCanonicalURL":"\/product\/13811\/32724\/products\/brushes-tools\/tools\/applicators\/lash-applicator","ONLY_RATINGS_COUNT":null,"sku_as_product":true,"defaultSku":{"LARGE_IMAGE":["\/media\/export\/cms\/products\/640x600\/mac_sku_MRNG01_640x600_0.jpg"],"highVelocityQty":-1,"LIFE_OF_PRODUCT":2,"MEDIUM_IMAGE":"\/media\/export\/cms\/products\/280x320\/mac_sku_MRNG01_280x320_0.jpg","PRO_FLAG":0,"PRICE":16,"CUSTOM_PALETTE_SMALL_IMAGE":null,"isLimitedRemaining":0,"formattedPrice2":"\u00a316.00 ","formattedUnitPrice":"","FLASH_DESC":null,"PRODUCT_CODE":"MRNG01","isShoppable":1,"IMAGE_COLLECTION":"\/media\/export\/cms\/products\/collection\/mac_collection_MRNG01.jpg","IMAGE_SMOOSH":"\/media\/export\/cms\/products\/smoosh\/mac_smoosh_MRNG01.jpg","UNDERTONE":null,"isOrderable":1,"USE_WITH":null,"SKU_ID":"SKU58604","FINISH":null,"PRODUCT_FORM":null,"SKU_MULTISHADED_IMAGE":"\/media\/export\/cms\/products\/smoosh\/mac_smoosh_MRNG01.jpg","worksWith":null,"formattedPrice":"\u00a316.00 ","SKU_MULTISHADED_IMAGE_HOVER":"\/media\/export\/cms\/products\/smoosh\/mac_smoosh_MRNG01_1.jpg","PARENT_CAT_ID":"CAT13811","PRODUCT_ID":"PROD32724","CUSTOM_PALETTE_MEDIUM_IMAGE":null,"CUSTOM_PALETTE_LARGE_IMAGE":null,"SKU_NOTES":null,"PRODUCT_SIZE":null,"DEFAULT_SKU":0,"INTENSITY":null,"SHADE_DESCRIPTION":null,"PRODUCT_TYPE":null,"INVENTORY_STATUS":1,"SMALL_IMAGE":"\/media\/export\/cms\/products\/124x163\/mac_sku_MRNG01_124x163_0.jpg","PRICE_CHANGE_DATE":null,"ATTRIBUTE_COLOR_FAMILY":null,"SHADENAME":null,"isComingSoon":0,"RESTRICT_GROUP":null,"COVERAGE":null,"HEX_VALUE_STRING":"","FIBRE":null,"path":"CAT13811PROD32724SKU58604","SKU_BASE_ID":58604,"FUTURE_PRICE":16,"DISPLAY_ORDER":0,"REFILLABLE":1,"AREA_OF_FACE":null,"USE":null,"PRICE2":null,"DISPLAY_STATUS":7}},{"NAME_SHORT":null,"LARGE_IMAGE":["\/media\/export\/cms\/products\/640x600\/mac_sku_S4E901_640x600_0.jpg"],"AVERAGE_RATING_PERCENT":null,"PRODUCT_BUZZWORDS":"For Powders\/Creams, Fluffy Round Shape, Special Edition","MEDIUM_IMAGE":"\/media\/export\/cms\/products\/280x320\/mac_sku_S4E901_280x320_0.jpg","PRO_FLAG":0,"CUSTOM_PALETTE_SMALL_IMAGE":null,"CLAIMS":null,"url":"\/product\/13802\/46222\/products\/brushes-tools\/brushes\/all-brushes\/246se-synthetic-fluffy-eye-brush-james-kaliardos","category":{"CAT_BASE_ID":13802,"BREADCRUMB_MENU_CAT_ID":null,"url":"\/products\/13802\/products\/brushes-tools\/brushes\/all-brushes","DESCRIPTION":null,"CATEGORY_ID":"CAT13802","CATEGORY_NAME":"All Brushes","ROOTS1":null},"RATING_IMAGE":"\/images\/global\/transparent.gif","isShoppable":1,"IMAGE_COLLECTION":"\/media\/export\/cms\/products\/collection\/mac_collection_S4E901.jpg","IMAGE_SMOOSH":"\/media\/export\/cms\/products\/smoosh\/mac_smoosh_S4E901.jpg","PRODUCT_USAGE":null,"AVERAGE_RATING":null,"RATING_RANGE":null,"TOTAL_REVIEW_COUNT":null,"DEFAULT_CAT_ID":"CAT13802","worksWithSkuIds":["SKU77310","SKU77230","SKU77228","SKU77226","SKU77221","SKU2937"],"DESCRIPTION":"A special edition eye brush made of a unique blend of synthetic fibres that superiorly applies powders, and also applies liquid and cream eye shadows with a light, sheer touch. The medium-sized, fluffy, slightly fanned-out shape allows for optimal pick-up, lay down and blending of powder and cream formulas. Custom packaging in black with gold accents.","worksWith":["PROD46220","PROD46139","PROD46138","PROD46137","PROD46136","PROD340"],"AWARD_1":null,"PARENT_CAT_ID":"CAT13802","PRODUCT_ID":"PROD46222","palette":1,"CUSTOM_PALETTE_MEDIUM_IMAGE":null,"CUSTOM_PALETTE_LARGE_IMAGE":null,"PROD_BASE_ID":46222,"PROD_RGN_NAME":"246SE Synthetic Fluffy Eye Brush \/ James Kaliardos","SUB_LINE":null,"sized":0,"skus":[{"LARGE_IMAGE":["\/media\/export\/cms\/products\/640x600\/mac_sku_S4E901_640x600_0.jpg"],"highVelocityQty":-1,"LIFE_OF_PRODUCT":1,"MEDIUM_IMAGE":["\/media\/export\/cms\/products\/280x320\/mac_sku_S4E901_280x320_0.jpg"],"PRO_FLAG":0,"PRICE":20,"CUSTOM_PALETTE_SMALL_IMAGE":null,"isLimitedRemaining":0,"formattedPrice2":"\u00a320.00 ","formattedUnitPrice":"","FLASH_DESC":null,"PRODUCT_CODE":"S4E901","isShoppable":1,"IMAGE_COLLECTION":"\/media\/export\/cms\/products\/collection\/mac_collection_S4E901.jpg","IMAGE_SMOOSH":"\/media\/export\/cms\/products\/smoosh\/mac_smoosh_S4E901.jpg","UNDERTONE":null,"isOrderable":1,"USE_WITH":null,"SKU_ID":"SKU77312","FINISH":null,"PRODUCT_FORM":null,"SKU_MULTISHADED_IMAGE":"\/media\/export\/cms\/products\/smoosh\/mac_smoosh_S4E901.jpg","worksWith":null,"formattedPrice":"\u00a320.00 ","SKU_MULTISHADED_IMAGE_HOVER":"\/media\/export\/cms\/products\/smoosh\/mac_smoosh_S4E901_1.jpg","PARENT_CAT_ID":"CAT13802","PRODUCT_ID":"PROD46222","CUSTOM_PALETTE_MEDIUM_IMAGE":null,"CUSTOM_PALETTE_LARGE_IMAGE":null,"SKU_NOTES":null,"PRODUCT_SIZE":null,"DEFAULT_SKU":0,"INTENSITY":null,"SHADE_DESCRIPTION":null,"PRODUCT_TYPE":null,"INVENTORY_STATUS":1,"SMALL_IMAGE":"\/media\/export\/cms\/products\/124x163\/mac_sku_S4E901_124x163_0.jpg","PRICE_CHANGE_DATE":null,"ATTRIBUTE_COLOR_FAMILY":null,"SHADENAME":null,"isComingSoon":0,"RESTRICT_GROUP":null,"COVERAGE":null,"HEX_VALUE_STRING":"","FIBRE":null,"path":"CAT13802PROD46222SKU77312","SKU_BASE_ID":77312,"FUTURE_PRICE":20,"DISPLAY_ORDER":0,"REFILLABLE":0,"AREA_OF_FACE":null,"USE":null,"PRICE2":null,"DISPLAY_STATUS":7}],"PRODUCT_TYPE":3,"IS_MULTISHADED":null,"FORMULA":null,"SMALL_IMAGE":"\/media\/export\/cms\/products\/124x163\/mac_sku_S4E901_124x163_0.jpg","AVERAGE_RATING_ROUNDED":null,"RESTRICT_GROUP":null,"PROD_RGN_SUBHEADING":null,"RECOMMENDED_PERCENT":null,"SHORT_DESC":"A special-edition, medium-sized fluffy eye brush that applies powder and cream formulas.","path":"CAT13802PROD46222","RECOMMENDED_COUNT":null,"shaded":0,"DISPLAY_STATUS":7,"buildCanonicalURL":"\/product\/13802\/46222\/products\/brushes-tools\/brushes\/all-brushes\/246se-synthetic-fluffy-eye-brush-james-kaliardos","ONLY_RATINGS_COUNT":null,"sku_as_product":true,"defaultSku":{"LARGE_IMAGE":["\/media\/export\/cms\/products\/640x600\/mac_sku_S4E901_640x600_0.jpg"],"highVelocityQty":-1,"LIFE_OF_PRODUCT":1,"MEDIUM_IMAGE":"\/media\/export\/cms\/products\/280x320\/mac_sku_S4E901_280x320_0.jpg","PRO_FLAG":0,"PRICE":20,"CUSTOM_PALETTE_SMALL_IMAGE":null,"isLimitedRemaining":0,"formattedPrice2":"\u00a320.00 ","formattedUnitPrice":"","FLASH_DESC":null,"PRODUCT_CODE":"S4E901","isShoppable":1,"IMAGE_COLLECTION":"\/media\/export\/cms\/products\/collection\/mac_collection_S4E901.jpg","IMAGE_SMOOSH":"\/media\/export\/cms\/products\/smoosh\/mac_smoosh_S4E901.jpg","UNDERTONE":null,"isOrderable":1,"USE_WITH":null,"SKU_ID":"SKU77312","FINISH":null,"PRODUCT_FORM":null,"SKU_MULTISHADED_IMAGE":"\/media\/export\/cms\/products\/smoosh\/mac_smoosh_S4E901.jpg","worksWith":null,"formattedPrice":"\u00a320.00 ","SKU_MULTISHADED_IMAGE_HOVER":"\/media\/export\/cms\/products\/smoosh\/mac_smoosh_S4E901_1.jpg","PARENT_CAT_ID":"CAT13802","PRODUCT_ID":"PROD46222","CUSTOM_PALETTE_MEDIUM_IMAGE":null,"CUSTOM_PALETTE_LARGE_IMAGE":null,"SKU_NOTES":null,"PRODUCT_SIZE":null,"DEFAULT_SKU":0,"INTENSITY":null,"SHADE_DESCRIPTION":null,"PRODUCT_TYPE":null,"INVENTORY_STATUS":1,"SMALL_IMAGE":"\/media\/export\/cms\/products\/124x163\/mac_sku_S4E901_124x163_0.jpg","PRICE_CHANGE_DATE":null,"ATTRIBUTE_COLOR_FAMILY":null,"SHADENAME":null,"isComingSoon":0,"RESTRICT_GROUP":null,"COVERAGE":null,"HEX_VALUE_STRING":"","FIBRE":null,"path":"CAT13802PROD46222SKU77312","SKU_BASE_ID":77312,"FUTURE_PRICE":20,"DISPLAY_ORDER":0,"REFILLABLE":0,"AREA_OF_FACE":null,"USE":null,"PRICE2":null,"DISPLAY_STATUS":7}},{"NAME_SHORT":null,"LARGE_IMAGE":["\/media\/export\/cms\/products\/640x600\/mac_sku_S4EA01_640x600_0.jpg"],"AVERAGE_RATING_PERCENT":null,"PRODUCT_BUZZWORDS":"For Powders\/Creams, Slanted Tip, Special Edition","MEDIUM_IMAGE":"\/media\/export\/cms\/products\/280x320\/mac_sku_S4EA01_280x320_0.jpg","PRO_FLAG":0,"CUSTOM_PALETTE_SMALL_IMAGE":null,"CLAIMS":null,"url":"\/product\/13802\/46223\/products\/brushes-tools\/brushes\/all-brushes\/178se-duo-fibre-angled-face-brush-james-kaliardos","category":{"CAT_BASE_ID":13802,"BREADCRUMB_MENU_CAT_ID":null,"url":"\/products\/13802\/products\/brushes-tools\/brushes\/all-brushes","DESCRIPTION":null,"CATEGORY_ID":"CAT13802","CATEGORY_NAME":"All Brushes","ROOTS1":null},"RATING_IMAGE":"\/images\/global\/transparent.gif","isShoppable":1,"IMAGE_COLLECTION":"\/media\/export\/cms\/products\/collection\/mac_collection_S4EA01.jpg","IMAGE_SMOOSH":"\/media\/export\/cms\/products\/smoosh\/mac_smoosh_S4EA01.jpg","PRODUCT_USAGE":null,"AVERAGE_RATING":null,"RATING_RANGE":null,"TOTAL_REVIEW_COUNT":null,"DEFAULT_CAT_ID":"CAT13802","worksWithSkuIds":["SKU77221","SKU77225","SKU2937","SKU77227","SKU77306","SKU77230"],"DESCRIPTION":"Made from a soft blend of two different types of synthetic fibres that work especially well with both powders and creams, this special-edition face brush expertly applies cheek contour. The large angled brush features fibres that form a buffed edge and are soft and firmly bundled. Custom packaging in black with gold accents.","worksWith":["PROD46136","PROD46137","PROD340","PROD46138","PROD46217","PROD46139"],"AWARD_1":null,"PARENT_CAT_ID":"CAT13802","PRODUCT_ID":"PROD46223","palette":1,"CUSTOM_PALETTE_MEDIUM_IMAGE":null,"CUSTOM_PALETTE_LARGE_IMAGE":null,"PROD_BASE_ID":46223,"PROD_RGN_NAME":"178SE Duo Fibre Angled Face Brush \/ James Kaliardos","SUB_LINE":null,"sized":0,"skus":[{"LARGE_IMAGE":["\/media\/export\/cms\/products\/640x600\/mac_sku_S4EA01_640x600_0.jpg"],"highVelocityQty":-1,"LIFE_OF_PRODUCT":1,"MEDIUM_IMAGE":["\/media\/export\/cms\/products\/280x320\/mac_sku_S4EA01_280x320_0.jpg"],"PRO_FLAG":0,"PRICE":38,"CUSTOM_PALETTE_SMALL_IMAGE":null,"isLimitedRemaining":0,"formattedPrice2":"\u00a338.00 ","formattedUnitPrice":"","FLASH_DESC":null,"PRODUCT_CODE":"S4EA01","isShoppable":1,"IMAGE_COLLECTION":"\/media\/export\/cms\/products\/collection\/mac_collection_S4EA01.jpg","IMAGE_SMOOSH":"\/media\/export\/cms\/products\/smoosh\/mac_smoosh_S4EA01.jpg","UNDERTONE":null,"isOrderable":1,"USE_WITH":null,"SKU_ID":"SKU77313","FINISH":null,"PRODUCT_FORM":null,"SKU_MULTISHADED_IMAGE":"\/media\/export\/cms\/products\/smoosh\/mac_smoosh_S4EA01.jpg","worksWith":null,"formattedPrice":"\u00a338.00 ","SKU_MULTISHADED_IMAGE_HOVER":"\/media\/export\/cms\/products\/smoosh\/mac_smoosh_S4EA01_1.jpg","PARENT_CAT_ID":"CAT13802","PRODUCT_ID":"PROD46223","CUSTOM_PALETTE_MEDIUM_IMAGE":null,"CUSTOM_PALETTE_LARGE_IMAGE":null,"SKU_NOTES":null,"PRODUCT_SIZE":null,"DEFAULT_SKU":0,"INTENSITY":null,"SHADE_DESCRIPTION":null,"PRODUCT_TYPE":null,"INVENTORY_STATUS":1,"SMALL_IMAGE":"\/media\/export\/cms\/products\/124x163\/mac_sku_S4EA01_124x163_0.jpg","PRICE_CHANGE_DATE":null,"ATTRIBUTE_COLOR_FAMILY":null,"SHADENAME":null,"isComingSoon":0,"RESTRICT_GROUP":null,"COVERAGE":null,"HEX_VALUE_STRING":"","FIBRE":null,"path":"CAT13802PROD46223SKU77313","SKU_BASE_ID":77313,"FUTURE_PRICE":38,"DISPLAY_ORDER":0,"REFILLABLE":0,"AREA_OF_FACE":null,"USE":null,"PRICE2":null,"DISPLAY_STATUS":7}],"PRODUCT_TYPE":3,"IS_MULTISHADED":null,"FORMULA":null,"SMALL_IMAGE":"\/media\/export\/cms\/products\/124x163\/mac_sku_S4EA01_124x163_0.jpg","AVERAGE_RATING_ROUNDED":null,"RESTRICT_GROUP":null,"PROD_RGN_SUBHEADING":null,"RECOMMENDED_PERCENT":null,"SHORT_DESC":"A special-edition face brush for powders and creams that expertly applies cheek contour.","path":"CAT13802PROD46223","RECOMMENDED_COUNT":null,"shaded":0,"DISPLAY_STATUS":7,"buildCanonicalURL":"\/product\/13802\/46223\/products\/brushes-tools\/brushes\/all-brushes\/178se-duo-fibre-angled-face-brush-james-kaliardos","ONLY_RATINGS_COUNT":null,"sku_as_product":true,"defaultSku":{"LARGE_IMAGE":["\/media\/export\/cms\/products\/640x600\/mac_sku_S4EA01_640x600_0.jpg"],"highVelocityQty":-1,"LIFE_OF_PRODUCT":1,"MEDIUM_IMAGE":"\/media\/export\/cms\/products\/280x320\/mac_sku_S4EA01_280x320_0.jpg","PRO_FLAG":0,"PRICE":38,"CUSTOM_PALETTE_SMALL_IMAGE":null,"isLimitedRemaining":0,"formattedPrice2":"\u00a338.00 ","formattedUnitPrice":"","FLASH_DESC":null,"PRODUCT_CODE":"S4EA01","isShoppable":1,"IMAGE_COLLECTION":"\/media\/export\/cms\/products\/collection\/mac_collection_S4EA01.jpg","IMAGE_SMOOSH":"\/media\/export\/cms\/products\/smoosh\/mac_smoosh_S4EA01.jpg","UNDERTONE":null,"isOrderable":1,"USE_WITH":null,"SKU_ID":"SKU77313","FINISH":null,"PRODUCT_FORM":null,"SKU_MULTISHADED_IMAGE":"\/media\/export\/cms\/products\/smoosh\/mac_smoosh_S4EA01.jpg","worksWith":null,"formattedPrice":"\u00a338.00 ","SKU_MULTISHADED_IMAGE_HOVER":"\/media\/export\/cms\/products\/smoosh\/mac_smoosh_S4EA01_1.jpg","PARENT_CAT_ID":"CAT13802","PRODUCT_ID":"PROD46223","CUSTOM_PALETTE_MEDIUM_IMAGE":null,"CUSTOM_PALETTE_LARGE_IMAGE":null,"SKU_NOTES":null,"PRODUCT_SIZE":null,"DEFAULT_SKU":0,"INTENSITY":null,"SHADE_DESCRIPTION":null,"PRODUCT_TYPE":null,"INVENTORY_STATUS":1,"SMALL_IMAGE":"\/media\/export\/cms\/products\/124x163\/mac_sku_S4EA01_124x163_0.jpg","PRICE_CHANGE_DATE":null,"ATTRIBUTE_COLOR_FAMILY":null,"SHADENAME":null,"isComingSoon":0,"RESTRICT_GROUP":null,"COVERAGE":null,"HEX_VALUE_STRING":"","FIBRE":null,"path":"CAT13802PROD46223SKU77313","SKU_BASE_ID":77313,"FUTURE_PRICE":38,"DISPLAY_ORDER":0,"REFILLABLE":0,"AREA_OF_FACE":null,"USE":null,"PRICE2":null,"DISPLAY_STATUS":7}},{"NAME_SHORT":null,"LARGE_IMAGE":["\/media\/export\/cms\/products\/640x600\/mac_sku_S4GJ01_640x600_0.jpg"],"AVERAGE_RATING_PERCENT":null,"PRODUCT_BUZZWORDS":"4 Dazzleshadows, Portable, Limited Edition","MEDIUM_IMAGE":"\/media\/export\/cms\/products\/280x320\/mac_sku_S4GJ01_280x320_0.jpg","PRO_FLAG":0,"CUSTOM_PALETTE_SMALL_IMAGE":null,"CLAIMS":"\u003Cul\u003E\u003Cli\u003E Provides a 3D multidimensional effect \u003C\/li\u003E\u003Cli\u003E Provides exceptional colour adhesion \u003C\/li\u003E\u003Cli\u003E Cream-like texture \u003C\/li\u003E\u003Cli\u003E Ophthalmologist tested \u003C\/li\u003E\u003Cli\u003E Dermatologist tested \u003C\/li\u003E\u003Cli\u003E Stay-true colour \u003C\/li\u003E\u003C\/ul\u003E","url":"\/product\/13835\/46266\/products\/makeup\/eyes\/eye-palettes-kits\/dazzleshadow-x-4-the-shining-hour","category":{"CAT_BASE_ID":13835,"BREADCRUMB_MENU_CAT_ID":null,"url":"\/products\/13835\/products\/makeup\/eyes\/eye-palettes-kits","DESCRIPTION":null,"CATEGORY_ID":"CAT13835","CATEGORY_NAME":"Eye Palettes + Kits","ROOTS1":null},"RATING_IMAGE":"\/images\/global\/transparent.gif","isShoppable":0,"IMAGE_COLLECTION":"\/media\/export\/cms\/products\/collection\/mac_collection_S4GJ01.jpg","IMAGE_SMOOSH":"\/media\/export\/cms\/products\/smoosh\/mac_smoosh_S4GJ01.jpg","PRODUCT_USAGE":"Apply to lid using fingers, brush or sponge.","AVERAGE_RATING":null,"RATING_RANGE":null,"TOTAL_REVIEW_COUNT":null,"DEFAULT_CAT_ID":"CAT13835","worksWithSkuIds":["SKU77314","SKU77364","SKU77365","SKU77369","SKU2068","SKU77374"],"DESCRIPTION":"A palette of four dazzleshadows including burgundy with teal sparkles, light pink with duochromatic violet sparkles, sparkly gold and sparkly white. The rich, stay-true pigments adhere to the lid with minimal fallout, giving eyes a beautiful, twinkling sheen. The creamy, talc-free formula delivers a texture that feels like a blend of cream and powder, creating a multidimensional, reflective surface that leaves lids looking dazzling yet delicate. Custom packaging in black with Kabuki\u2019s signature in gold.","worksWith":["PROD46224","PROD46267","PROD46268","PROD46269","PROD326","PROD46274"],"AWARD_1":null,"PARENT_CAT_ID":"CAT13835","PRODUCT_ID":"PROD46266","palette":1,"CUSTOM_PALETTE_MEDIUM_IMAGE":null,"CUSTOM_PALETTE_LARGE_IMAGE":null,"PROD_BASE_ID":46266,"PROD_RGN_NAME":"Dazzleshadow X 4: The Shining Hour","SUB_LINE":null,"sized":0,"skus":[{"LARGE_IMAGE":["\/media\/export\/cms\/products\/640x600\/mac_sku_S4GJ01_640x600_0.jpg","#\/media\/export\/cms\/products\/640x600\/mac_sku_S4GJ01_640x600_1.jpg","\/media\/export\/cms\/products\/640x600\/mac_sku_S4GJ01_640x600_2.jpg"],"highVelocityQty":-1,"LIFE_OF_PRODUCT":1,"MEDIUM_IMAGE":["\/media\/export\/cms\/products\/280x320\/mac_sku_S4GJ01_280x320_0.jpg"],"PRO_FLAG":0,"PRICE":25,"CUSTOM_PALETTE_SMALL_IMAGE":null,"isLimitedRemaining":0,"formattedPrice2":"\u00a325.00 ","formattedUnitPrice":"\u00a344.64  \/ 10g","FLASH_DESC":null,"PRODUCT_CODE":"S4GJ01","isShoppable":0,"IMAGE_COLLECTION":"\/media\/export\/cms\/products\/collection\/mac_collection_S4GJ01.jpg","IMAGE_SMOOSH":"\/media\/export\/cms\/products\/smoosh\/mac_smoosh_S4GJ01.jpg","UNDERTONE":null,"isOrderable":0,"USE_WITH":null,"SKU_ID":"SKU77363","FINISH":null,"PRODUCT_FORM":null,"SKU_MULTISHADED_IMAGE":"\/media\/export\/cms\/products\/smoosh\/mac_smoosh_S4GJ01.jpg","worksWith":null,"formattedPrice":"\u00a325.00 ","SKU_MULTISHADED_IMAGE_HOVER":"\/media\/export\/cms\/products\/smoosh\/mac_smoosh_S4GJ01_1.jpg","PARENT_CAT_ID":"CAT13835","PRODUCT_ID":"PROD46266","CUSTOM_PALETTE_MEDIUM_IMAGE":null,"CUSTOM_PALETTE_LARGE_IMAGE":null,"SKU_NOTES":"\u003Cul\u003E\u003Cli\u003ELetty Lynton : White pearl with white reflects\u003C\/li\u003E\u003Cli\u003EHeaven Loves You : Gold pearl with gold reflects\u003C\/li\u003E\u003Cli\u003ELast Dance : Light pink pearl with duochromatic violet reflects\u003C\/li\u003E\u003Cli\u003EHumoresque : Light burgundy pearl with teal reflects\u003C\/li\u003E\u003C\/ul\u003E","PRODUCT_SIZE":"5.6 g","DEFAULT_SKU":0,"INTENSITY":null,"SHADE_DESCRIPTION":null,"PRODUCT_TYPE":null,"INVENTORY_STATUS":7,"SMALL_IMAGE":"\/media\/export\/cms\/products\/124x163\/mac_sku_S4GJ01_124x163_0.jpg","PRICE_CHANGE_DATE":null,"ATTRIBUTE_COLOR_FAMILY":null,"SHADENAME":null,"isComingSoon":0,"RESTRICT_GROUP":null,"COVERAGE":null,"HEX_VALUE_STRING":"","FIBRE":null,"path":"CAT13835PROD46266SKU77363","SKU_BASE_ID":77363,"FUTURE_PRICE":25,"DISPLAY_ORDER":0,"REFILLABLE":0,"AREA_OF_FACE":null,"USE":null,"PRICE2":null,"DISPLAY_STATUS":7}],"PRODUCT_TYPE":3,"IS_MULTISHADED":null,"FORMULA":null,"SMALL_IMAGE":"\/media\/export\/cms\/products\/124x163\/mac_sku_S4GJ01_124x163_0.jpg","AVERAGE_RATING_ROUNDED":null,"RESTRICT_GROUP":null,"PROD_RGN_SUBHEADING":null,"RECOMMENDED_PERCENT":null,"SHORT_DESC":"A limited-edition palette of four dazzling shades.","path":"CAT13835PROD46266","RECOMMENDED_COUNT":null,"shaded":0,"DISPLAY_STATUS":7,"buildCanonicalURL":"\/product\/13835\/46266\/products\/makeup\/eyes\/eye-palettes-kits\/dazzleshadow-x-4-the-shining-hour","ONLY_RATINGS_COUNT":null,"sku_as_product":true,"defaultSku":{"LARGE_IMAGE":["\/media\/export\/cms\/products\/640x600\/mac_sku_S4GJ01_640x600_0.jpg","#\/media\/export\/cms\/products\/640x600\/mac_sku_S4GJ01_640x600_1.jpg","\/media\/export\/cms\/products\/640x600\/mac_sku_S4GJ01_640x600_2.jpg"],"highVelocityQty":-1,"LIFE_OF_PRODUCT":1,"MEDIUM_IMAGE":"\/media\/export\/cms\/products\/280x320\/mac_sku_S4GJ01_280x320_0.jpg","PRO_FLAG":0,"PRICE":25,"CUSTOM_PALETTE_SMALL_IMAGE":null,"isLimitedRemaining":0,"formattedPrice2":"\u00a325.00 ","formattedUnitPrice":"\u00a344.64  \/ 10g","FLASH_DESC":null,"PRODUCT_CODE":"S4GJ01","isShoppable":0,"IMAGE_COLLECTION":"\/media\/export\/cms\/products\/collection\/mac_collection_S4GJ01.jpg","IMAGE_SMOOSH":"\/media\/export\/cms\/products\/smoosh\/mac_smoosh_S4GJ01.jpg","UNDERTONE":null,"isOrderable":0,"USE_WITH":null,"SKU_ID":"SKU77363","FINISH":null,"PRODUCT_FORM":null,"SKU_MULTISHADED_IMAGE":"\/media\/export\/cms\/products\/smoosh\/mac_smoosh_S4GJ01.jpg","worksWith":null,"formattedPrice":"\u00a325.00 ","SKU_MULTISHADED_IMAGE_HOVER":"\/media\/export\/cms\/products\/smoosh\/mac_smoosh_S4GJ01_1.jpg","PARENT_CAT_ID":"CAT13835","PRODUCT_ID":"PROD46266","CUSTOM_PALETTE_MEDIUM_IMAGE":null,"CUSTOM_PALETTE_LARGE_IMAGE":null,"SKU_NOTES":"\u003Cul\u003E\u003Cli\u003ELetty Lynton : White pearl with white reflects\u003C\/li\u003E\u003Cli\u003EHeaven Loves You : Gold pearl with gold reflects\u003C\/li\u003E\u003Cli\u003ELast Dance : Light pink pearl with duochromatic violet reflects\u003C\/li\u003E\u003Cli\u003EHumoresque : Light burgundy pearl with teal reflects\u003C\/li\u003E\u003C\/ul\u003E","PRODUCT_SIZE":"5.6 g","DEFAULT_SKU":0,"INTENSITY":null,"SHADE_DESCRIPTION":null,"PRODUCT_TYPE":null,"INVENTORY_STATUS":7,"SMALL_IMAGE":"\/media\/export\/cms\/products\/124x163\/mac_sku_S4GJ01_124x163_0.jpg","PRICE_CHANGE_DATE":null,"ATTRIBUTE_COLOR_FAMILY":null,"SHADENAME":null,"isComingSoon":0,"RESTRICT_GROUP":null,"COVERAGE":null,"HEX_VALUE_STRING":"","FIBRE":null,"path":"CAT13835PROD46266SKU77363","SKU_BASE_ID":77363,"FUTURE_PRICE":25,"DISPLAY_ORDER":0,"REFILLABLE":0,"AREA_OF_FACE":null,"USE":null,"PRICE2":null,"DISPLAY_STATUS":7}},{"NAME_SHORT":null,"LARGE_IMAGE":["\/media\/export\/cms\/products\/640x600\/mac_sku_S4GK01_640x600_0.jpg"],"AVERAGE_RATING_PERCENT":null,"PRODUCT_BUZZWORDS":"Neutral Shades, Portable, Limited Edition","MEDIUM_IMAGE":"\/media\/export\/cms\/products\/280x320\/mac_sku_S4GK01_280x320_0.jpg","PRO_FLAG":0,"CUSTOM_PALETTE_SMALL_IMAGE":null,"CLAIMS":"\u003Cul\u003E\u003Cli\u003E Use wet or dry \u003C\/li\u003E\u003Cli\u003E Safe for contact lens wearers\u003C\/li\u003E\u003Cli\u003E Ophthalmologist tested \u003C\/li\u003E\u003Cli\u003E Non-acnegenic \u003C\/li\u003E\u003Cli\u003E Dermatologist tested \u003C\/li\u003E\u003C\/ul\u003E","url":"\/product\/13835\/46267\/products\/makeup\/eyes\/eye-palettes-kits\/eye-shadow-x-4-the-best-of-everything","category":{"CAT_BASE_ID":13835,"BREADCRUMB_MENU_CAT_ID":null,"url":"\/products\/13835\/products\/makeup\/eyes\/eye-palettes-kits","DESCRIPTION":null,"CATEGORY_ID":"CAT13835","CATEGORY_NAME":"Eye Palettes + Kits","ROOTS1":null},"RATING_IMAGE":"\/images\/global\/transparent.gif","isShoppable":1,"IMAGE_COLLECTION":"\/media\/export\/cms\/products\/collection\/mac_collection_S4GK01.jpg","IMAGE_SMOOSH":"\/media\/export\/cms\/products\/smoosh\/mac_smoosh_S4GK01.jpg","PRODUCT_USAGE":"Apply to lid using fingers, brush or sponge-tip applicator.","AVERAGE_RATING":null,"RATING_RANGE":null,"TOTAL_REVIEW_COUNT":null,"DEFAULT_CAT_ID":"CAT13835","worksWithSkuIds":["SKU77316","SKU77363","SKU77366","SKU77370","SKU2068","SKU77374"],"DESCRIPTION":"A palette of four neutral shades including a dark charcoal grey, mid-tone neutral grey, neutral mauve-brown and light purplish-grey. Highly pigmented powder. Applies evenly, blends well. Use wet or dry. Available in satin and matte finishes. Custom packaging in black with Kabuki\u2019s signature in gold.","worksWith":["PROD46224","PROD46266","PROD46268","PROD46269","PROD326","PROD46274"],"AWARD_1":null,"PARENT_CAT_ID":"CAT13835","PRODUCT_ID":"PROD46267","palette":1,"CUSTOM_PALETTE_MEDIUM_IMAGE":null,"CUSTOM_PALETTE_LARGE_IMAGE":null,"PROD_BASE_ID":46267,"PROD_RGN_NAME":"Eye Shadow X 4: The Best Of Everything","SUB_LINE":null,"sized":0,"skus":[{"LARGE_IMAGE":["\/media\/export\/cms\/products\/640x600\/mac_sku_S4GK01_640x600_0.jpg","#\/media\/export\/cms\/products\/640x600\/mac_sku_S4GK01_640x600_1.jpg","\/media\/export\/cms\/products\/640x600\/mac_sku_S4GK01_640x600_2.jpg"],"highVelocityQty":-1,"LIFE_OF_PRODUCT":1,"MEDIUM_IMAGE":["\/media\/export\/cms\/products\/280x320\/mac_sku_S4GK01_280x320_0.jpg"],"PRO_FLAG":0,"PRICE":25,"CUSTOM_PALETTE_SMALL_IMAGE":null,"isLimitedRemaining":0,"formattedPrice2":"\u00a325.00 ","formattedUnitPrice":"\u00a344.64  \/ 10g","FLASH_DESC":null,"PRODUCT_CODE":"S4GK01","isShoppable":1,"IMAGE_COLLECTION":"\/media\/export\/cms\/products\/collection\/mac_collection_S4GK01.jpg","IMAGE_SMOOSH":"\/media\/export\/cms\/products\/smoosh\/mac_smoosh_S4GK01.jpg","UNDERTONE":null,"isOrderable":1,"USE_WITH":null,"SKU_ID":"SKU77364","FINISH":null,"PRODUCT_FORM":null,"SKU_MULTISHADED_IMAGE":"\/media\/export\/cms\/products\/smoosh\/mac_smoosh_S4GK01.jpg","worksWith":null,"formattedPrice":"\u00a325.00 ","SKU_MULTISHADED_IMAGE_HOVER":"\/media\/export\/cms\/products\/smoosh\/mac_smoosh_S4GK01_1.jpg","PARENT_CAT_ID":"CAT13835","PRODUCT_ID":"PROD46267","CUSTOM_PALETTE_MEDIUM_IMAGE":null,"CUSTOM_PALETTE_LARGE_IMAGE":null,"SKU_NOTES":"\u003Cul\u003E\u003Cli\u003EJohnny Guitar : Midtone neutral grey\u003C\/li\u003E\u003Cli\u003ETrog : Neutral mauve brown\u003C\/li\u003E\u003Cli\u003ELove On The Run : Light purplish grey\u003C\/li\u003E\u003Cli\u003ESense Of Doubt : Dark charcoal grey\u003C\/li\u003E\u003C\/ul\u003E","PRODUCT_SIZE":"5.6 g","DEFAULT_SKU":0,"INTENSITY":null,"SHADE_DESCRIPTION":null,"PRODUCT_TYPE":null,"INVENTORY_STATUS":1,"SMALL_IMAGE":"\/media\/export\/cms\/products\/124x163\/mac_sku_S4GK01_124x163_0.jpg","PRICE_CHANGE_DATE":null,"ATTRIBUTE_COLOR_FAMILY":null,"SHADENAME":null,"isComingSoon":0,"RESTRICT_GROUP":null,"COVERAGE":null,"HEX_VALUE_STRING":"","FIBRE":null,"path":"CAT13835PROD46267SKU77364","SKU_BASE_ID":77364,"FUTURE_PRICE":25,"DISPLAY_ORDER":0,"REFILLABLE":0,"AREA_OF_FACE":null,"USE":null,"PRICE2":null,"DISPLAY_STATUS":7}],"PRODUCT_TYPE":3,"IS_MULTISHADED":null,"FORMULA":null,"SMALL_IMAGE":"\/media\/export\/cms\/products\/124x163\/mac_sku_S4GK01_124x163_0.jpg","AVERAGE_RATING_ROUNDED":null,"RESTRICT_GROUP":null,"PROD_RGN_SUBHEADING":null,"RECOMMENDED_PERCENT":null,"SHORT_DESC":"A limited-edition palette of four neutral shades.","path":"CAT13835PROD46267","RECOMMENDED_COUNT":null,"shaded":0,"DISPLAY_STATUS":7,"buildCanonicalURL":"\/product\/13835\/46267\/products\/makeup\/eyes\/eye-palettes-kits\/eye-shadow-x-4-the-best-of-everything","ONLY_RATINGS_COUNT":null,"sku_as_product":true,"defaultSku":{"LARGE_IMAGE":["\/media\/export\/cms\/products\/640x600\/mac_sku_S4GK01_640x600_0.jpg","#\/media\/export\/cms\/products\/640x600\/mac_sku_S4GK01_640x600_1.jpg","\/media\/export\/cms\/products\/640x600\/mac_sku_S4GK01_640x600_2.jpg"],"highVelocityQty":-1,"LIFE_OF_PRODUCT":1,"MEDIUM_IMAGE":"\/media\/export\/cms\/products\/280x320\/mac_sku_S4GK01_280x320_0.jpg","PRO_FLAG":0,"PRICE":25,"CUSTOM_PALETTE_SMALL_IMAGE":null,"isLimitedRemaining":0,"formattedPrice2":"\u00a325.00 ","formattedUnitPrice":"\u00a344.64  \/ 10g","FLASH_DESC":null,"PRODUCT_CODE":"S4GK01","isShoppable":1,"IMAGE_COLLECTION":"\/media\/export\/cms\/products\/collection\/mac_collection_S4GK01.jpg","IMAGE_SMOOSH":"\/media\/export\/cms\/products\/smoosh\/mac_smoosh_S4GK01.jpg","UNDERTONE":null,"isOrderable":1,"USE_WITH":null,"SKU_ID":"SKU77364","FINISH":null,"PRODUCT_FORM":null,"SKU_MULTISHADED_IMAGE":"\/media\/export\/cms\/products\/smoosh\/mac_smoosh_S4GK01.jpg","worksWith":null,"formattedPrice":"\u00a325.00 ","SKU_MULTISHADED_IMAGE_HOVER":"\/media\/export\/cms\/products\/smoosh\/mac_smoosh_S4GK01_1.jpg","PARENT_CAT_ID":"CAT13835","PRODUCT_ID":"PROD46267","CUSTOM_PALETTE_MEDIUM_IMAGE":null,"CUSTOM_PALETTE_LARGE_IMAGE":null,"SKU_NOTES":"\u003Cul\u003E\u003Cli\u003EJohnny Guitar : Midtone neutral grey\u003C\/li\u003E\u003Cli\u003ETrog : Neutral mauve brown\u003C\/li\u003E\u003Cli\u003ELove On The Run : Light purplish grey\u003C\/li\u003E\u003Cli\u003ESense Of Doubt : Dark charcoal grey\u003C\/li\u003E\u003C\/ul\u003E","PRODUCT_SIZE":"5.6 g","DEFAULT_SKU":0,"INTENSITY":null,"SHADE_DESCRIPTION":null,"PRODUCT_TYPE":null,"INVENTORY_STATUS":1,"SMALL_IMAGE":"\/media\/export\/cms\/products\/124x163\/mac_sku_S4GK01_124x163_0.jpg","PRICE_CHANGE_DATE":null,"ATTRIBUTE_COLOR_FAMILY":null,"SHADENAME":null,"isComingSoon":0,"RESTRICT_GROUP":null,"COVERAGE":null,"HEX_VALUE_STRING":"","FIBRE":null,"path":"CAT13835PROD46267SKU77364","SKU_BASE_ID":77364,"FUTURE_PRICE":25,"DISPLAY_ORDER":0,"REFILLABLE":0,"AREA_OF_FACE":null,"USE":null,"PRICE2":null,"DISPLAY_STATUS":7}},{"NAME_SHORT":null,"LARGE_IMAGE":["\/media\/export\/cms\/products\/640x600\/mac_sku_S4GM02_640x600_0.jpg"],"AVERAGE_RATING_PERCENT":null,"PRODUCT_BUZZWORDS":"Lacquered Shine, Opalescent Finish, Limited Edition","MEDIUM_IMAGE":"\/media\/export\/cms\/products\/280x320\/mac_sku_S4GM02_280x320_0.jpg","PRO_FLAG":0,"CUSTOM_PALETTE_SMALL_IMAGE":null,"CLAIMS":"\u003Cul\u003E\u003Cli\u003E Provides instant hydration \u003C\/li\u003E\u003Cli\u003E Conditions lips \u003C\/li\u003E\u003Cli\u003E Provides ultra-lacquered shine with subtle opalescence \u003C\/li\u003E\u003Cli\u003E Changes lip colour\u2019s texture\/finish \u003C\/li\u003E\u003C\/ul\u003E","url":"\/product\/13840\/46268\/products\/makeup\/eyes\/shadow\/crystal-glaze-gloss","category":{"CAT_BASE_ID":13840,"BREADCRUMB_MENU_CAT_ID":null,"url":"\/products\/13840\/products\/makeup\/eyes\/shadow","DESCRIPTION":null,"CATEGORY_ID":"CAT13840","CATEGORY_NAME":"Shadow","ROOTS1":null},"RATING_IMAGE":"\/images\/global\/transparent.gif","isShoppable":1,"IMAGE_COLLECTION":"\/media\/export\/cms\/products\/collection\/mac_collection_S4GM02.jpg","IMAGE_SMOOSH":"\/media\/export\/cms\/products\/smoosh\/mac_smoosh_S4GM02.jpg","PRODUCT_USAGE":"\u003Cul\u003E\u003Cli\u003E Apply with brush or fingertip. \u003C\/li\u003E\u003Cli\u003E Works best using synthetic brushes. \u003C\/li\u003E\u003C\/ul\u003E","AVERAGE_RATING":null,"RATING_RANGE":null,"TOTAL_REVIEW_COUNT":null,"DEFAULT_CAT_ID":"CAT13840","worksWithSkuIds":["SKU77371","SKU77372","SKU77315","SKU77364","SKU77369","SKU77371"],"DESCRIPTION":"An ultra-moisturizing gloss in a jar that transforms any lip colour with an intense, glossy shine and a unique pearlescent finish. Available in two limited-edition shades. Custom packaging in matte black with Kabuki\u2019s signature in gold.","worksWith":["PROD46270","PROD46272","PROD46224","PROD46267","PROD46269","PROD46270"],"AWARD_1":null,"PARENT_CAT_ID":"CAT13840","PRODUCT_ID":"PROD46268","palette":0,"CUSTOM_PALETTE_MEDIUM_IMAGE":null,"CUSTOM_PALETTE_LARGE_IMAGE":null,"PROD_BASE_ID":46268,"PROD_RGN_NAME":"Crystal Glaze Gloss","SUB_LINE":null,"sized":0,"skus":[{"LARGE_IMAGE":["\/media\/export\/cms\/products\/640x600\/mac_sku_S4GM02_640x600_0.jpg","\/media\/export\/cms\/products\/640x600\/mac_sku_S4GM02_640x600_1.jpg"],"highVelocityQty":-1,"LIFE_OF_PRODUCT":1,"MEDIUM_IMAGE":["\/media\/export\/cms\/products\/280x320\/mac_sku_S4GM02_280x320_0.jpg"],"PRO_FLAG":0,"PRICE":18,"CUSTOM_PALETTE_SMALL_IMAGE":null,"isLimitedRemaining":0,"formattedPrice2":"\u00a318.00 ","formattedUnitPrice":"\u00a315.00  \/ 10ml","FLASH_DESC":null,"PRODUCT_CODE":"S4GM02","isShoppable":1,"IMAGE_COLLECTION":"\/media\/export\/cms\/products\/collection\/mac_collection_S4GM02.jpg","IMAGE_SMOOSH":"\/media\/export\/cms\/products\/smoosh\/mac_smoosh_S4GM02.jpg","UNDERTONE":null,"isOrderable":1,"USE_WITH":null,"SKU_ID":"SKU77365","FINISH":null,"PRODUCT_FORM":null,"SKU_MULTISHADED_IMAGE":"\/media\/export\/cms\/products\/smoosh\/mac_smoosh_S4GM02.jpg","worksWith":null,"formattedPrice":"\u00a318.00 ","SKU_MULTISHADED_IMAGE_HOVER":"\/media\/export\/cms\/products\/smoosh\/mac_smoosh_S4GM02_1.jpg","PARENT_CAT_ID":"CAT13840","PRODUCT_ID":"PROD46268","CUSTOM_PALETTE_MEDIUM_IMAGE":null,"CUSTOM_PALETTE_LARGE_IMAGE":null,"SKU_NOTES":null,"PRODUCT_SIZE":"12 ml","DEFAULT_SKU":0,"INTENSITY":null,"SHADE_DESCRIPTION":"Transparent warm orangered with refined red pearl","PRODUCT_TYPE":null,"INVENTORY_STATUS":1,"SMALL_IMAGE":"\/media\/export\/cms\/products\/124x163\/mac_sku_S4GM02_124x163_0.jpg","PRICE_CHANGE_DATE":null,"ATTRIBUTE_COLOR_FAMILY":null,"SHADENAME":"It\u2019s A Great Feeling","isComingSoon":0,"RESTRICT_GROUP":null,"COVERAGE":null,"HEX_VALUE_STRING":"#c51d11","FIBRE":null,"path":"CAT13840PROD46268SKU77365","SKU_BASE_ID":77365,"FUTURE_PRICE":18,"DISPLAY_ORDER":0,"REFILLABLE":0,"AREA_OF_FACE":null,"USE":null,"PRICE2":null,"DISPLAY_STATUS":7},{"LARGE_IMAGE":["\/media\/export\/cms\/products\/640x600\/mac_sku_S4GM03_640x600_0.jpg","\/media\/export\/cms\/products\/640x600\/mac_sku_S4GM03_640x600_1.jpg"],"highVelocityQty":-1,"LIFE_OF_PRODUCT":1,"MEDIUM_IMAGE":["\/media\/export\/cms\/products\/280x320\/mac_sku_S4GM03_280x320_0.jpg"],"PRO_FLAG":0,"PRICE":18,"CUSTOM_PALETTE_SMALL_IMAGE":null,"isLimitedRemaining":0,"formattedPrice2":"\u00a318.00 ","formattedUnitPrice":"\u00a315.00  \/ 10ml","FLASH_DESC":null,"PRODUCT_CODE":"S4GM03","isShoppable":1,"IMAGE_COLLECTION":"\/media\/export\/cms\/products\/collection\/mac_collection_S4GM03.jpg","IMAGE_SMOOSH":"\/media\/export\/cms\/products\/smoosh\/mac_smoosh_S4GM03.jpg","UNDERTONE":null,"isOrderable":1,"USE_WITH":null,"SKU_ID":"SKU77366","FINISH":null,"PRODUCT_FORM":null,"SKU_MULTISHADED_IMAGE":"\/media\/export\/cms\/products\/smoosh\/mac_smoosh_S4GM03.jpg","worksWith":null,"formattedPrice":"\u00a318.00 ","SKU_MULTISHADED_IMAGE_HOVER":"\/media\/export\/cms\/products\/smoosh\/mac_smoosh_S4GM03_1.jpg","PARENT_CAT_ID":"CAT13840","PRODUCT_ID":"PROD46268","CUSTOM_PALETTE_MEDIUM_IMAGE":null,"CUSTOM_PALETTE_LARGE_IMAGE":null,"SKU_NOTES":null,"PRODUCT_SIZE":"12 ml","DEFAULT_SKU":0,"INTENSITY":null,"SHADE_DESCRIPTION":"Sheer mother of pearl with pink and blue fine reflects","PRODUCT_TYPE":null,"INVENTORY_STATUS":1,"SMALL_IMAGE":"\/media\/export\/cms\/products\/124x163\/mac_sku_S4GM03_124x163_0.jpg","PRICE_CHANGE_DATE":null,"ATTRIBUTE_COLOR_FAMILY":null,"SHADENAME":"Ice Follies","isComingSoon":0,"RESTRICT_GROUP":null,"COVERAGE":null,"HEX_VALUE_STRING":"#ffedcd","FIBRE":null,"path":"CAT13840PROD46268SKU77366","SKU_BASE_ID":77366,"FUTURE_PRICE":18,"DISPLAY_ORDER":0,"REFILLABLE":0,"AREA_OF_FACE":null,"USE":null,"PRICE2":null,"DISPLAY_STATUS":7}],"PRODUCT_TYPE":1,"IS_MULTISHADED":null,"FORMULA":null,"SMALL_IMAGE":"\/media\/export\/cms\/products\/124x163\/mac_sku_S4GM02_124x163_0.jpg","AVERAGE_RATING_ROUNDED":null,"RESTRICT_GROUP":null,"PROD_RGN_SUBHEADING":null,"RECOMMENDED_PERCENT":null,"SHORT_DESC":"A gloss in a jar that transforms any lip colour with a unique pearlescent finish.","path":"CAT13840PROD46268","RECOMMENDED_COUNT":null,"shaded":1,"DISPLAY_STATUS":7,"buildCanonicalURL":"\/product\/13840\/46268\/products\/makeup\/eyes\/shadow\/crystal-glaze-gloss","ONLY_RATINGS_COUNT":null,"sku_as_product":true,"defaultSku":{"LARGE_IMAGE":["\/media\/export\/cms\/products\/640x600\/mac_sku_S4GM02_640x600_0.jpg","\/media\/export\/cms\/products\/640x600\/mac_sku_S4GM02_640x600_1.jpg"],"highVelocityQty":-1,"LIFE_OF_PRODUCT":1,"MEDIUM_IMAGE":"\/media\/export\/cms\/products\/280x320\/mac_sku_S4GM02_280x320_0.jpg","PRO_FLAG":0,"PRICE":18,"CUSTOM_PALETTE_SMALL_IMAGE":null,"isLimitedRemaining":0,"formattedPrice2":"\u00a318.00 ","formattedUnitPrice":"\u00a315.00  \/ 10ml","FLASH_DESC":null,"PRODUCT_CODE":"S4GM02","isShoppable":1,"IMAGE_COLLECTION":"\/media\/export\/cms\/products\/collection\/mac_collection_S4GM02.jpg","IMAGE_SMOOSH":"\/media\/export\/cms\/products\/smoosh\/mac_smoosh_S4GM02.jpg","UNDERTONE":null,"isOrderable":1,"USE_WITH":null,"SKU_ID":"SKU77365","FINISH":null,"PRODUCT_FORM":null,"SKU_MULTISHADED_IMAGE":"\/media\/export\/cms\/products\/smoosh\/mac_smoosh_S4GM02.jpg","worksWith":null,"formattedPrice":"\u00a318.00 ","SKU_MULTISHADED_IMAGE_HOVER":"\/media\/export\/cms\/products\/smoosh\/mac_smoosh_S4GM02_1.jpg","PARENT_CAT_ID":"CAT13840","PRODUCT_ID":"PROD46268","CUSTOM_PALETTE_MEDIUM_IMAGE":null,"CUSTOM_PALETTE_LARGE_IMAGE":null,"SKU_NOTES":null,"PRODUCT_SIZE":"12 ml","DEFAULT_SKU":0,"INTENSITY":null,"SHADE_DESCRIPTION":"Transparent warm orangered with refined red pearl","PRODUCT_TYPE":null,"INVENTORY_STATUS":1,"SMALL_IMAGE":"\/media\/export\/cms\/products\/124x163\/mac_sku_S4GM02_124x163_0.jpg","PRICE_CHANGE_DATE":null,"ATTRIBUTE_COLOR_FAMILY":null,"SHADENAME":"It\u2019s A Great Feeling","isComingSoon":0,"RESTRICT_GROUP":null,"COVERAGE":null,"HEX_VALUE_STRING":"#c51d11","FIBRE":null,"path":"CAT13840PROD46268SKU77365","SKU_BASE_ID":77365,"FUTURE_PRICE":18,"DISPLAY_ORDER":0,"REFILLABLE":0,"AREA_OF_FACE":null,"USE":null,"PRICE2":null,"DISPLAY_STATUS":7},"qs_shade_route":"#\/shade\/It\u2019s_A_Great_Feeling","sku_count":2,"spp_show_shade_filter":true,"single_shade":false},{"NAME_SHORT":null,"LARGE_IMAGE":["\/media\/export\/cms\/products\/640x600\/mac_sku_S4GH46_640x600_0.jpg"],"AVERAGE_RATING_PERCENT":null,"PRODUCT_BUZZWORDS":"Cream to Powder, Non-Creasing, Limited Edition","MEDIUM_IMAGE":"\/media\/export\/cms\/products\/280x320\/mac_sku_S4GH46_280x320_0.jpg","PRO_FLAG":0,"CUSTOM_PALETTE_SMALL_IMAGE":null,"CLAIMS":"\u003Cul\u003E\u003Cli\u003E Long-wearing, eight hours \u003C\/li\u003E\u003Cli\u003E Crease-proof and smudge-proof, eight hours \u003C\/li\u003E\u003Cli\u003E Features a cream-to-powder formula \u003C\/li\u003E\u003Cli\u003E Provides flexible coverage \u003C\/li\u003E\u003C\/ul\u003E","url":"\/product\/13848\/46269\/products\/makeup\/face\/multi-use\/paints-kabuki-magic","category":{"CAT_BASE_ID":13848,"BREADCRUMB_MENU_CAT_ID":null,"url":"\/products\/13848\/products\/makeup\/face\/multi-use","DESCRIPTION":null,"CATEGORY_ID":"CAT13848","CATEGORY_NAME":"Multi-Use","ROOTS1":null},"RATING_IMAGE":"\/images\/global\/transparent.gif","isShoppable":1,"IMAGE_COLLECTION":"\/media\/export\/cms\/products\/collection\/mac_collection_S4GH46.jpg","IMAGE_SMOOSH":"\/media\/export\/cms\/products\/smoosh\/mac_smoosh_S4GH46.jpg","PRODUCT_USAGE":"\u003Cul\u003E\u003Cli\u003E Apply a small amount using a 242 Shader Brush. \u003C\/li\u003E\u003Cli\u003E Remove with Pro Eye Makeup Remover. \u003C\/li\u003E\u003C\/ul\u003E","AVERAGE_RATING":null,"RATING_RANGE":null,"TOTAL_REVIEW_COUNT":null,"DEFAULT_CAT_ID":"CAT13848","worksWithSkuIds":["SKU77365","SKU77374","SKU2068","SKU77315","SKU77363","SKU77364"],"DESCRIPTION":"A high-performance eye shadow in four shades. Goes on creamy, dries to a powdery finish in just ten seconds. The long-wearing cream colour formula allows for easy application, blendability and coverage from sheer to full. Creates a smooth, smudge- and crease-free, slightly shiny look to the lid. Paints can be used alone or in combination with other products. Custom packaging in matte black with Kabuki\u2019s signature in gold.","worksWith":["PROD46268","PROD46274","PROD326","PROD46224","PROD46266","PROD46267"],"AWARD_1":null,"PARENT_CAT_ID":"CAT13848","PRODUCT_ID":"PROD46269","palette":0,"CUSTOM_PALETTE_MEDIUM_IMAGE":null,"CUSTOM_PALETTE_LARGE_IMAGE":null,"PROD_BASE_ID":46269,"PROD_RGN_NAME":"Paints  \/ Kabuki Magic","SUB_LINE":null,"sized":0,"skus":[{"LARGE_IMAGE":["\/media\/export\/cms\/products\/640x600\/mac_sku_S4GH49_640x600_0.jpg"],"highVelocityQty":-1,"LIFE_OF_PRODUCT":1,"MEDIUM_IMAGE":["\/media\/export\/cms\/products\/280x320\/mac_sku_S4GH49_280x320_0.jpg"],"PRO_FLAG":0,"PRICE":16,"CUSTOM_PALETTE_SMALL_IMAGE":null,"isLimitedRemaining":0,"formattedPrice2":"\u00a316.00 ","formattedUnitPrice":"\u00a324.62  \/ 10g","FLASH_DESC":null,"PRODUCT_CODE":"S4GH49","isShoppable":1,"IMAGE_COLLECTION":"\/media\/export\/cms\/products\/collection\/mac_collection_S4GH49.jpg","IMAGE_SMOOSH":"\/media\/export\/cms\/products\/smoosh\/mac_smoosh_S4GH49.jpg","UNDERTONE":null,"isOrderable":1,"USE_WITH":null,"SKU_ID":"SKU77370","FINISH":null,"PRODUCT_FORM":null,"SKU_MULTISHADED_IMAGE":"\/media\/export\/cms\/products\/smoosh\/mac_smoosh_S4GH49.jpg","worksWith":null,"formattedPrice":"\u00a316.00 ","SKU_MULTISHADED_IMAGE_HOVER":"\/media\/export\/cms\/products\/smoosh\/mac_smoosh_S4GH49_1.jpg","PARENT_CAT_ID":"CAT13848","PRODUCT_ID":"PROD46269","CUSTOM_PALETTE_MEDIUM_IMAGE":null,"CUSTOM_PALETTE_LARGE_IMAGE":null,"SKU_NOTES":null,"PRODUCT_SIZE":"6.5 g","DEFAULT_SKU":0,"INTENSITY":null,"SHADE_DESCRIPTION":"Bright royal purple with pearl","PRODUCT_TYPE":null,"INVENTORY_STATUS":1,"SMALL_IMAGE":"\/media\/export\/cms\/products\/124x163\/mac_sku_S4GH49_124x163_0.jpg","PRICE_CHANGE_DATE":null,"ATTRIBUTE_COLOR_FAMILY":null,"SHADENAME":"Overnight Sensation","isComingSoon":0,"RESTRICT_GROUP":null,"COVERAGE":null,"HEX_VALUE_STRING":"#5c3899","FIBRE":null,"path":"CAT13848PROD46269SKU77370","SKU_BASE_ID":77370,"FUTURE_PRICE":16,"DISPLAY_ORDER":0,"REFILLABLE":0,"AREA_OF_FACE":null,"USE":null,"PRICE2":null,"DISPLAY_STATUS":7},{"LARGE_IMAGE":["\/media\/export\/cms\/products\/640x600\/mac_sku_S4GH47_640x600_0.jpg"],"highVelocityQty":-1,"LIFE_OF_PRODUCT":1,"MEDIUM_IMAGE":["\/media\/export\/cms\/products\/280x320\/mac_sku_S4GH47_280x320_0.jpg"],"PRO_FLAG":0,"PRICE":16,"CUSTOM_PALETTE_SMALL_IMAGE":null,"isLimitedRemaining":0,"formattedPrice2":"\u00a316.00 ","formattedUnitPrice":"\u00a324.62  \/ 10g","FLASH_DESC":null,"PRODUCT_CODE":"S4GH47","isShoppable":1,"IMAGE_COLLECTION":"\/media\/export\/cms\/products\/collection\/mac_collection_S4GH47.jpg","IMAGE_SMOOSH":"\/media\/export\/cms\/products\/smoosh\/mac_smoosh_S4GH47.jpg","UNDERTONE":null,"isOrderable":1,"USE_WITH":null,"SKU_ID":"SKU77368","FINISH":null,"PRODUCT_FORM":null,"SKU_MULTISHADED_IMAGE":"\/media\/export\/cms\/products\/smoosh\/mac_smoosh_S4GH47.jpg","worksWith":null,"formattedPrice":"\u00a316.00 ","SKU_MULTISHADED_IMAGE_HOVER":"\/media\/export\/cms\/products\/smoosh\/mac_smoosh_S4GH47_1.jpg","PARENT_CAT_ID":"CAT13848","PRODUCT_ID":"PROD46269","CUSTOM_PALETTE_MEDIUM_IMAGE":null,"CUSTOM_PALETTE_LARGE_IMAGE":null,"SKU_NOTES":null,"PRODUCT_SIZE":"6.5 g","DEFAULT_SKU":0,"INTENSITY":null,"SHADE_DESCRIPTION":"Matte indigo blue","PRODUCT_TYPE":null,"INVENTORY_STATUS":1,"SMALL_IMAGE":"\/media\/export\/cms\/products\/124x163\/mac_sku_S4GH47_124x163_0.jpg","PRICE_CHANGE_DATE":null,"ATTRIBUTE_COLOR_FAMILY":null,"SHADENAME":"Win","isComingSoon":0,"RESTRICT_GROUP":null,"COVERAGE":null,"HEX_VALUE_STRING":"#355cb2","FIBRE":null,"path":"CAT13848PROD46269SKU77368","SKU_BASE_ID":77368,"FUTURE_PRICE":16,"DISPLAY_ORDER":1,"REFILLABLE":0,"AREA_OF_FACE":null,"USE":null,"PRICE2":null,"DISPLAY_STATUS":7},{"LARGE_IMAGE":["\/media\/export\/cms\/products\/640x600\/mac_sku_S4GH48_640x600_0.jpg"],"highVelocityQty":-1,"LIFE_OF_PRODUCT":1,"MEDIUM_IMAGE":["\/media\/export\/cms\/products\/280x320\/mac_sku_S4GH48_280x320_0.jpg"],"PRO_FLAG":0,"PRICE":16,"CUSTOM_PALETTE_SMALL_IMAGE":null,"isLimitedRemaining":0,"formattedPrice2":"\u00a316.00 ","formattedUnitPrice":"\u00a324.62  \/ 10g","FLASH_DESC":null,"PRODUCT_CODE":"S4GH48","isShoppable":1,"IMAGE_COLLECTION":"\/media\/export\/cms\/products\/collection\/mac_collection_S4GH48.jpg","IMAGE_SMOOSH":"\/media\/export\/cms\/products\/smoosh\/mac_smoosh_S4GH48.jpg","UNDERTONE":null,"isOrderable":1,"USE_WITH":null,"SKU_ID":"SKU77369","FINISH":null,"PRODUCT_FORM":null,"SKU_MULTISHADED_IMAGE":"\/media\/export\/cms\/products\/smoosh\/mac_smoosh_S4GH48.jpg","worksWith":null,"formattedPrice":"\u00a316.00 ","SKU_MULTISHADED_IMAGE_HOVER":"\/media\/export\/cms\/products\/smoosh\/mac_smoosh_S4GH48_1.jpg","PARENT_CAT_ID":"CAT13848","PRODUCT_ID":"PROD46269","CUSTOM_PALETTE_MEDIUM_IMAGE":null,"CUSTOM_PALETTE_LARGE_IMAGE":null,"SKU_NOTES":null,"PRODUCT_SIZE":"6.5 g","DEFAULT_SKU":0,"INTENSITY":null,"SHADE_DESCRIPTION":"Matte bright green","PRODUCT_TYPE":null,"INVENTORY_STATUS":1,"SMALL_IMAGE":"\/media\/export\/cms\/products\/124x163\/mac_sku_S4GH48_124x163_0.jpg","PRICE_CHANGE_DATE":null,"ATTRIBUTE_COLOR_FAMILY":null,"SHADENAME":"Cracked Emerald","isComingSoon":0,"RESTRICT_GROUP":null,"COVERAGE":null,"HEX_VALUE_STRING":"#018d59","FIBRE":null,"path":"CAT13848PROD46269SKU77369","SKU_BASE_ID":77369,"FUTURE_PRICE":16,"DISPLAY_ORDER":2,"REFILLABLE":0,"AREA_OF_FACE":null,"USE":null,"PRICE2":null,"DISPLAY_STATUS":7},{"LARGE_IMAGE":["\/media\/export\/cms\/products\/640x600\/mac_sku_S4GH46_640x600_0.jpg"],"highVelocityQty":-1,"LIFE_OF_PRODUCT":1,"MEDIUM_IMAGE":["\/media\/export\/cms\/products\/280x320\/mac_sku_S4GH46_280x320_0.jpg"],"PRO_FLAG":0,"PRICE":16,"CUSTOM_PALETTE_SMALL_IMAGE":null,"isLimitedRemaining":0,"formattedPrice2":"\u00a316.00 ","formattedUnitPrice":"\u00a324.62  \/ 10g","FLASH_DESC":null,"PRODUCT_CODE":"S4GH46","isShoppable":1,"IMAGE_COLLECTION":"\/media\/export\/cms\/products\/collection\/mac_collection_S4GH46.jpg","IMAGE_SMOOSH":"\/media\/export\/cms\/products\/smoosh\/mac_smoosh_S4GH46.jpg","UNDERTONE":null,"isOrderable":1,"USE_WITH":null,"SKU_ID":"SKU77367","FINISH":null,"PRODUCT_FORM":null,"SKU_MULTISHADED_IMAGE":"\/media\/export\/cms\/products\/smoosh\/mac_smoosh_S4GH46.jpg","worksWith":null,"formattedPrice":"\u00a316.00 ","SKU_MULTISHADED_IMAGE_HOVER":"\/media\/export\/cms\/products\/smoosh\/mac_smoosh_S4GH46_1.jpg","PARENT_CAT_ID":"CAT13848","PRODUCT_ID":"PROD46269","CUSTOM_PALETTE_MEDIUM_IMAGE":null,"CUSTOM_PALETTE_LARGE_IMAGE":null,"SKU_NOTES":null,"PRODUCT_SIZE":"6.5 g","DEFAULT_SKU":0,"INTENSITY":null,"SHADE_DESCRIPTION":"White pearl","PRODUCT_TYPE":null,"INVENTORY_STATUS":1,"SMALL_IMAGE":"\/media\/export\/cms\/products\/124x163\/mac_sku_S4GH46_124x163_0.jpg","PRICE_CHANGE_DATE":null,"ATTRIBUTE_COLOR_FAMILY":null,"SHADENAME":"Holy Holy","isComingSoon":0,"RESTRICT_GROUP":null,"COVERAGE":null,"HEX_VALUE_STRING":"#eadfd5","FIBRE":null,"path":"CAT13848PROD46269SKU77367","SKU_BASE_ID":77367,"FUTURE_PRICE":16,"DISPLAY_ORDER":3,"REFILLABLE":0,"AREA_OF_FACE":null,"USE":null,"PRICE2":null,"DISPLAY_STATUS":7}],"PRODUCT_TYPE":1,"IS_MULTISHADED":null,"FORMULA":null,"SMALL_IMAGE":"\/media\/export\/cms\/products\/124x163\/mac_sku_S4GH46_124x163_0.jpg","AVERAGE_RATING_ROUNDED":null,"RESTRICT_GROUP":null,"PROD_RGN_SUBHEADING":null,"RECOMMENDED_PERCENT":null,"SHORT_DESC":"A cream colour formula in four shades that sets to a powdery finish on application.","path":"CAT13848PROD46269","RECOMMENDED_COUNT":null,"shaded":1,"DISPLAY_STATUS":7,"buildCanonicalURL":"\/product\/13848\/46269\/products\/makeup\/face\/multi-use\/paints-kabuki-magic","ONLY_RATINGS_COUNT":null,"sku_as_product":true,"defaultSku":{"LARGE_IMAGE":["\/media\/export\/cms\/products\/640x600\/mac_sku_S4GH49_640x600_0.jpg"],"highVelocityQty":-1,"LIFE_OF_PRODUCT":1,"MEDIUM_IMAGE":"\/media\/export\/cms\/products\/280x320\/mac_sku_S4GH49_280x320_0.jpg","PRO_FLAG":0,"PRICE":16,"CUSTOM_PALETTE_SMALL_IMAGE":null,"isLimitedRemaining":0,"formattedPrice2":"\u00a316.00 ","formattedUnitPrice":"\u00a324.62  \/ 10g","FLASH_DESC":null,"PRODUCT_CODE":"S4GH49","isShoppable":1,"IMAGE_COLLECTION":"\/media\/export\/cms\/products\/collection\/mac_collection_S4GH49.jpg","IMAGE_SMOOSH":"\/media\/export\/cms\/products\/smoosh\/mac_smoosh_S4GH49.jpg","UNDERTONE":null,"isOrderable":1,"USE_WITH":null,"SKU_ID":"SKU77370","FINISH":null,"PRODUCT_FORM":null,"SKU_MULTISHADED_IMAGE":"\/media\/export\/cms\/products\/smoosh\/mac_smoosh_S4GH49.jpg","worksWith":null,"formattedPrice":"\u00a316.00 ","SKU_MULTISHADED_IMAGE_HOVER":"\/media\/export\/cms\/products\/smoosh\/mac_smoosh_S4GH49_1.jpg","PARENT_CAT_ID":"CAT13848","PRODUCT_ID":"PROD46269","CUSTOM_PALETTE_MEDIUM_IMAGE":null,"CUSTOM_PALETTE_LARGE_IMAGE":null,"SKU_NOTES":null,"PRODUCT_SIZE":"6.5 g","DEFAULT_SKU":0,"INTENSITY":null,"SHADE_DESCRIPTION":"Bright royal purple with pearl","PRODUCT_TYPE":null,"INVENTORY_STATUS":1,"SMALL_IMAGE":"\/media\/export\/cms\/products\/124x163\/mac_sku_S4GH49_124x163_0.jpg","PRICE_CHANGE_DATE":null,"ATTRIBUTE_COLOR_FAMILY":null,"SHADENAME":"Overnight Sensation","isComingSoon":0,"RESTRICT_GROUP":null,"COVERAGE":null,"HEX_VALUE_STRING":"#5c3899","FIBRE":null,"path":"CAT13848PROD46269SKU77370","SKU_BASE_ID":77370,"FUTURE_PRICE":16,"DISPLAY_ORDER":0,"REFILLABLE":0,"AREA_OF_FACE":null,"USE":null,"PRICE2":null,"DISPLAY_STATUS":7},"qs_shade_route":"#\/shade\/Overnight_Sensation","sku_count":4,"spp_show_shade_filter":true,"single_shade":false},{"NAME_SHORT":null,"LARGE_IMAGE":["\/media\/export\/cms\/products\/640x600\/mac_sku_M280_640x600_0.jpg"],"AVERAGE_RATING_PERCENT":80,"PRODUCT_BUZZWORDS":"Comfortable, Rich Colour, Precise","MEDIUM_IMAGE":"\/media\/export\/cms\/products\/280x320\/mac_sku_M280_280x320_0.jpg","PRO_FLAG":0,"CUSTOM_PALETTE_SMALL_IMAGE":null,"CLAIMS":"\u003Cul\u003E\u003Cli\u003EOphthalmologist tested\u003C\/li\u003E\u003Cli\u003EDermatologist tested\u003C\/li\u003E\u003Cli\u003ENon-acnegenic\u003C\/li\u003E\u003C\/ul\u003E","url":"\/product\/13838\/326\/products\/makeup\/eyes\/liner\/eye-pencil","category":{"CAT_BASE_ID":13838,"BREADCRUMB_MENU_CAT_ID":null,"url":"\/products\/13838\/products\/makeup\/eyes\/liner","DESCRIPTION":null,"CATEGORY_ID":"CAT13838","CATEGORY_NAME":"Liner","ROOTS1":null},"RATING_IMAGE":"\/images\/products\/stars\/rating-4_0.gif","isShoppable":1,"IMAGE_COLLECTION":"\/media\/export\/cms\/products\/collection\/mac_collection_M280.jpg","IMAGE_SMOOSH":"\/media\/export\/cms\/products\/smoosh\/mac_smoosh_M280.jpg","PRODUCT_USAGE":"\u003Cul\u003E\u003Cli\u003EApply to lid directly.\u003C\/li\u003E\u003C\/ul\u003E","AVERAGE_RATING":4,"RATING_RANGE":5,"TOTAL_REVIEW_COUNT":5,"DEFAULT_CAT_ID":"CAT13838","worksWithSkuIds":["SKU5403","SKU34976","SKU10457","SKU4284","SKU10861","SKU47047"],"DESCRIPTION":"Eye Pencils are formulated to provide rich, consistent colour. They are comfortable to apply and sharpen to a fine point to allow for a precise application. Eye Pencils can be used to create a sharp line or a softer, smoky effect.","worksWith":["PROD386","PROD19389","PROD4253","PROD363","PROD263","PROD1573"],"AWARD_1":null,"PARENT_CAT_ID":"CAT13838","PRODUCT_ID":"PROD326","palette":0,"CUSTOM_PALETTE_MEDIUM_IMAGE":null,"CUSTOM_PALETTE_LARGE_IMAGE":null,"PROD_BASE_ID":326,"PROD_RGN_NAME":"Eye Pencil","SUB_LINE":null,"sized":0,"skus":[{"LARGE_IMAGE":["\/media\/export\/cms\/products\/640x600\/mac_sku_M28001_640x600_0.jpg"],"highVelocityQty":-1,"LIFE_OF_PRODUCT":2,"MEDIUM_IMAGE":["\/media\/export\/cms\/products\/280x320\/mac_sku_M28001_280x320_0.jpg"],"PRO_FLAG":0,"PRICE":14.5,"CUSTOM_PALETTE_SMALL_IMAGE":null,"isLimitedRemaining":0,"formattedPrice2":"\u00a314.50 ","formattedUnitPrice":"","FLASH_DESC":null,"PRODUCT_CODE":"M28001","isShoppable":1,"IMAGE_COLLECTION":"\/media\/export\/cms\/products\/collection\/mac_collection_M28001.jpg","IMAGE_SMOOSH":"\/media\/export\/cms\/products\/smoosh\/mac_smoosh_M28001.jpg","UNDERTONE":null,"isOrderable":1,"USE_WITH":null,"SKU_ID":"SKU2068","FINISH":null,"PRODUCT_FORM":"pencil","SKU_MULTISHADED_IMAGE":"\/media\/export\/cms\/products\/smoosh\/mac_smoosh_M28001.jpg","worksWith":null,"formattedPrice":"\u00a314.50 ","SKU_MULTISHADED_IMAGE_HOVER":"\/media\/export\/cms\/products\/smoosh\/mac_smoosh_M28001_1.jpg","PARENT_CAT_ID":"CAT13838","PRODUCT_ID":"PROD326","CUSTOM_PALETTE_MEDIUM_IMAGE":null,"CUSTOM_PALETTE_LARGE_IMAGE":null,"SKU_NOTES":null,"PRODUCT_SIZE":"1.45 g","DEFAULT_SKU":0,"INTENSITY":null,"SHADE_DESCRIPTION":"Muted brown","PRODUCT_TYPE":null,"INVENTORY_STATUS":1,"SMALL_IMAGE":"\/media\/export\/cms\/products\/124x163\/mac_sku_M28001_124x163_0.jpg","PRICE_CHANGE_DATE":null,"ATTRIBUTE_COLOR_FAMILY":"brown","SHADENAME":"Coffee","isComingSoon":0,"RESTRICT_GROUP":null,"COVERAGE":"medium, full","HEX_VALUE_STRING":"#564842","FIBRE":null,"path":"CAT13838PROD326SKU2068","SKU_BASE_ID":2068,"FUTURE_PRICE":14.5,"DISPLAY_ORDER":0,"REFILLABLE":0,"AREA_OF_FACE":"eyes","USE":null,"PRICE2":null,"DISPLAY_STATUS":7},{"LARGE_IMAGE":["\/media\/export\/cms\/products\/640x600\/mac_sku_M28002_640x600_0.jpg"],"highVelocityQty":-1,"LIFE_OF_PRODUCT":2,"MEDIUM_IMAGE":["\/media\/export\/cms\/products\/280x320\/mac_sku_M28002_280x320_0.jpg"],"PRO_FLAG":0,"PRICE":14.5,"CUSTOM_PALETTE_SMALL_IMAGE":null,"isLimitedRemaining":0,"formattedPrice2":"\u00a314.50 ","formattedUnitPrice":"","FLASH_DESC":null,"PRODUCT_CODE":"M28002","isShoppable":1,"IMAGE_COLLECTION":"\/media\/export\/cms\/products\/collection\/mac_collection_M28002.jpg","IMAGE_SMOOSH":"\/media\/export\/cms\/products\/smoosh\/mac_smoosh_M28002.jpg","UNDERTONE":null,"isOrderable":1,"USE_WITH":null,"SKU_ID":"SKU2069","FINISH":null,"PRODUCT_FORM":"pencil","SKU_MULTISHADED_IMAGE":"\/media\/export\/cms\/products\/smoosh\/mac_smoosh_M28002.jpg","worksWith":null,"formattedPrice":"\u00a314.50 ","SKU_MULTISHADED_IMAGE_HOVER":"\/media\/export\/cms\/products\/smoosh\/mac_smoosh_M28002_1.jpg","PARENT_CAT_ID":"CAT13838","PRODUCT_ID":"PROD326","CUSTOM_PALETTE_MEDIUM_IMAGE":null,"CUSTOM_PALETTE_LARGE_IMAGE":null,"SKU_NOTES":null,"PRODUCT_SIZE":"1.45 g","DEFAULT_SKU":0,"INTENSITY":null,"SHADE_DESCRIPTION":"Soft black","PRODUCT_TYPE":null,"INVENTORY_STATUS":1,"SMALL_IMAGE":"\/media\/export\/cms\/products\/124x163\/mac_sku_M28002_124x163_0.jpg","PRICE_CHANGE_DATE":null,"ATTRIBUTE_COLOR_FAMILY":"black","SHADENAME":"Ebony","isComingSoon":0,"RESTRICT_GROUP":null,"COVERAGE":"medium, full","HEX_VALUE_STRING":"#494949","FIBRE":null,"path":"CAT13838PROD326SKU2069","SKU_BASE_ID":2069,"FUTURE_PRICE":14.5,"DISPLAY_ORDER":1,"REFILLABLE":0,"AREA_OF_FACE":"eyes","USE":null,"PRICE2":null,"DISPLAY_STATUS":7}],"PRODUCT_TYPE":1,"IS_MULTISHADED":null,"FORMULA":null,"SMALL_IMAGE":"\/media\/export\/cms\/products\/124x163\/mac_sku_M280_124x163_0.jpg","AVERAGE_RATING_ROUNDED":4,"RESTRICT_GROUP":null,"PROD_RGN_SUBHEADING":null,"RECOMMENDED_PERCENT":0,"SHORT_DESC":"A liner that\u0027s comfortable to apply and sharpens to a fine, precise point.","path":"CAT13838PROD326","RECOMMENDED_COUNT":0,"shaded":1,"DISPLAY_STATUS":7,"buildCanonicalURL":"\/product\/13838\/326\/products\/makeup\/eyes\/liner\/eye-pencil","ONLY_RATINGS_COUNT":0,"sku_as_product":true,"defaultSku":{"LARGE_IMAGE":["\/media\/export\/cms\/products\/640x600\/mac_sku_M28001_640x600_0.jpg"],"highVelocityQty":-1,"LIFE_OF_PRODUCT":2,"MEDIUM_IMAGE":"\/media\/export\/cms\/products\/280x320\/mac_sku_M28001_280x320_0.jpg","PRO_FLAG":0,"PRICE":14.5,"CUSTOM_PALETTE_SMALL_IMAGE":null,"isLimitedRemaining":0,"formattedPrice2":"\u00a314.50 ","formattedUnitPrice":"","FLASH_DESC":null,"PRODUCT_CODE":"M28001","isShoppable":1,"IMAGE_COLLECTION":"\/media\/export\/cms\/products\/collection\/mac_collection_M28001.jpg","IMAGE_SMOOSH":"\/media\/export\/cms\/products\/smoosh\/mac_smoosh_M28001.jpg","UNDERTONE":null,"isOrderable":1,"USE_WITH":null,"SKU_ID":"SKU2068","FINISH":null,"PRODUCT_FORM":"pencil","SKU_MULTISHADED_IMAGE":"\/media\/export\/cms\/products\/smoosh\/mac_smoosh_M28001.jpg","worksWith":null,"formattedPrice":"\u00a314.50 ","SKU_MULTISHADED_IMAGE_HOVER":"\/media\/export\/cms\/products\/smoosh\/mac_smoosh_M28001_1.jpg","PARENT_CAT_ID":"CAT13838","PRODUCT_ID":"PROD326","CUSTOM_PALETTE_MEDIUM_IMAGE":null,"CUSTOM_PALETTE_LARGE_IMAGE":null,"SKU_NOTES":null,"PRODUCT_SIZE":"1.45 g","DEFAULT_SKU":0,"INTENSITY":null,"SHADE_DESCRIPTION":"Muted brown","PRODUCT_TYPE":null,"INVENTORY_STATUS":1,"SMALL_IMAGE":"\/media\/export\/cms\/products\/124x163\/mac_sku_M28001_124x163_0.jpg","PRICE_CHANGE_DATE":null,"ATTRIBUTE_COLOR_FAMILY":"brown","SHADENAME":"Coffee","isComingSoon":0,"RESTRICT_GROUP":null,"COVERAGE":"medium, full","HEX_VALUE_STRING":"#564842","FIBRE":null,"path":"CAT13838PROD326SKU2068","SKU_BASE_ID":2068,"FUTURE_PRICE":14.5,"DISPLAY_ORDER":0,"REFILLABLE":0,"AREA_OF_FACE":"eyes","USE":null,"PRICE2":null,"DISPLAY_STATUS":7},"qs_shade_route":"#\/shade\/Coffee","sku_count":2,"spp_show_shade_filter":true,"single_shade":false},{"NAME_SHORT":null,"LARGE_IMAGE":["\/media\/export\/cms\/products\/640x600\/mac_sku_S4JY01_640x600_0.jpg"],"AVERAGE_RATING_PERCENT":null,"PRODUCT_BUZZWORDS":"Wispy Winged Shape, Natural Length, Limited Edition","MEDIUM_IMAGE":"\/media\/export\/cms\/products\/280x320\/mac_sku_S4JY01_280x320_0.jpg","PRO_FLAG":0,"CUSTOM_PALETTE_SMALL_IMAGE":null,"CLAIMS":null,"url":"\/product\/13837\/46274\/products\/makeup\/eyes\/lash\/51-lash-kabuki-magic","category":{"CAT_BASE_ID":13837,"BREADCRUMB_MENU_CAT_ID":null,"url":"\/products\/13837\/products\/makeup\/eyes\/lash","DESCRIPTION":null,"CATEGORY_ID":"CAT13837","CATEGORY_NAME":"Lash","ROOTS1":null},"RATING_IMAGE":"\/images\/global\/transparent.gif","isShoppable":1,"IMAGE_COLLECTION":"\/media\/export\/cms\/products\/collection\/mac_collection_S4JY01.jpg","IMAGE_SMOOSH":"\/media\/export\/cms\/products\/smoosh\/mac_smoosh_S4JY01.jpg","PRODUCT_USAGE":"\u003Cul\u003E\u003Cli\u003E Trim full lash to fit your eye shape\/length. \u003C\/li\u003E\u003Cli\u003E Apply a small amount of lash glue to the strip. \u003C\/li\u003E\u003Cli\u003E Allow 30 seconds for glue to become tacky. \u003C\/li\u003E\u003Cli\u003E Position the strip at the base of your natural lashes. \u003C\/li\u003E\u003Cli\u003E Gently press onto the lash line. \u003C\/li\u003E\u003Cli\u003E If properly cared for and cleaned, lashes can be reworn and reshaped. \u003C\/li\u003E\u003C\/ul\u003E","AVERAGE_RATING":null,"RATING_RANGE":null,"TOTAL_REVIEW_COUNT":null,"DEFAULT_CAT_ID":"CAT13837","worksWithSkuIds":["SKU77363","SKU77315","SKU77364","SKU77366","SKU77369","SKU2068"],"DESCRIPTION":"Wispy bundles and natural length with a winged outer corner provide a flirty fringe. Lashes are handmade to exact specifications. Each design is perfectly shaped and arranged to give a look that is either natural or dramatic. Available in a variety of shapes and densities. If properly cared for, lashes can be reshaped or adorned if desired. Custom packaging with Kabuki\u2019s signature in gold.","worksWith":["PROD46266","PROD46224","PROD46267","PROD46268","PROD46269","PROD326"],"AWARD_1":null,"PARENT_CAT_ID":"CAT13837","PRODUCT_ID":"PROD46274","palette":1,"CUSTOM_PALETTE_MEDIUM_IMAGE":null,"CUSTOM_PALETTE_LARGE_IMAGE":null,"PROD_BASE_ID":46274,"PROD_RGN_NAME":"#51 Lash \/ Kabuki Magic","SUB_LINE":null,"sized":0,"skus":[{"LARGE_IMAGE":["\/media\/export\/cms\/products\/640x600\/mac_sku_S4JY01_640x600_0.jpg"],"highVelocityQty":-1,"LIFE_OF_PRODUCT":1,"MEDIUM_IMAGE":["\/media\/export\/cms\/products\/280x320\/mac_sku_S4JY01_280x320_0.jpg"],"PRO_FLAG":0,"PRICE":11.5,"CUSTOM_PALETTE_SMALL_IMAGE":null,"isLimitedRemaining":0,"formattedPrice2":"\u00a311.50 ","formattedUnitPrice":"","FLASH_DESC":null,"PRODUCT_CODE":"S4JY01","isShoppable":1,"IMAGE_COLLECTION":"\/media\/export\/cms\/products\/collection\/mac_collection_S4JY01.jpg","IMAGE_SMOOSH":"\/media\/export\/cms\/products\/smoosh\/mac_smoosh_S4JY01.jpg","UNDERTONE":null,"isOrderable":1,"USE_WITH":null,"SKU_ID":"SKU77374","FINISH":null,"PRODUCT_FORM":null,"SKU_MULTISHADED_IMAGE":"\/media\/export\/cms\/products\/smoosh\/mac_smoosh_S4JY01.jpg","worksWith":null,"formattedPrice":"\u00a311.50 ","SKU_MULTISHADED_IMAGE_HOVER":"\/media\/export\/cms\/products\/smoosh\/mac_smoosh_S4JY01_1.jpg","PARENT_CAT_ID":"CAT13837","PRODUCT_ID":"PROD46274","CUSTOM_PALETTE_MEDIUM_IMAGE":null,"CUSTOM_PALETTE_LARGE_IMAGE":null,"SKU_NOTES":null,"PRODUCT_SIZE":null,"DEFAULT_SKU":0,"INTENSITY":null,"SHADE_DESCRIPTION":null,"PRODUCT_TYPE":null,"INVENTORY_STATUS":1,"SMALL_IMAGE":"\/media\/export\/cms\/products\/124x163\/mac_sku_S4JY01_124x163_0.jpg","PRICE_CHANGE_DATE":null,"ATTRIBUTE_COLOR_FAMILY":null,"SHADENAME":null,"isComingSoon":0,"RESTRICT_GROUP":null,"COVERAGE":null,"HEX_VALUE_STRING":"","FIBRE":null,"path":"CAT13837PROD46274SKU77374","SKU_BASE_ID":77374,"FUTURE_PRICE":11.5,"DISPLAY_ORDER":0,"REFILLABLE":0,"AREA_OF_FACE":null,"USE":null,"PRICE2":null,"DISPLAY_STATUS":7}],"PRODUCT_TYPE":3,"IS_MULTISHADED":null,"FORMULA":null,"SMALL_IMAGE":"\/media\/export\/cms\/products\/124x163\/mac_sku_S4JY01_124x163_0.jpg","AVERAGE_RATING_ROUNDED":null,"RESTRICT_GROUP":null,"PROD_RGN_SUBHEADING":null,"RECOMMENDED_PERCENT":null,"SHORT_DESC":"Lashes with wispy bundles and natural length in a winged shape for a flirty fringe.","path":"CAT13837PROD46274","RECOMMENDED_COUNT":null,"shaded":0,"DISPLAY_STATUS":7,"buildCanonicalURL":"\/product\/13837\/46274\/products\/makeup\/eyes\/lash\/51-lash-kabuki-magic","ONLY_RATINGS_COUNT":null,"sku_as_product":true,"defaultSku":{"LARGE_IMAGE":["\/media\/export\/cms\/products\/640x600\/mac_sku_S4JY01_640x600_0.jpg"],"highVelocityQty":-1,"LIFE_OF_PRODUCT":1,"MEDIUM_IMAGE":"\/media\/export\/cms\/products\/280x320\/mac_sku_S4JY01_280x320_0.jpg","PRO_FLAG":0,"PRICE":11.5,"CUSTOM_PALETTE_SMALL_IMAGE":null,"isLimitedRemaining":0,"formattedPrice2":"\u00a311.50 ","formattedUnitPrice":"","FLASH_DESC":null,"PRODUCT_CODE":"S4JY01","isShoppable":1,"IMAGE_COLLECTION":"\/media\/export\/cms\/products\/collection\/mac_collection_S4JY01.jpg","IMAGE_SMOOSH":"\/media\/export\/cms\/products\/smoosh\/mac_smoosh_S4JY01.jpg","UNDERTONE":null,"isOrderable":1,"USE_WITH":null,"SKU_ID":"SKU77374","FINISH":null,"PRODUCT_FORM":null,"SKU_MULTISHADED_IMAGE":"\/media\/export\/cms\/products\/smoosh\/mac_smoosh_S4JY01.jpg","worksWith":null,"formattedPrice":"\u00a311.50 ","SKU_MULTISHADED_IMAGE_HOVER":"\/media\/export\/cms\/products\/smoosh\/mac_smoosh_S4JY01_1.jpg","PARENT_CAT_ID":"CAT13837","PRODUCT_ID":"PROD46274","CUSTOM_PALETTE_MEDIUM_IMAGE":null,"CUSTOM_PALETTE_LARGE_IMAGE":null,"SKU_NOTES":null,"PRODUCT_SIZE":null,"DEFAULT_SKU":0,"INTENSITY":null,"SHADE_DESCRIPTION":null,"PRODUCT_TYPE":null,"INVENTORY_STATUS":1,"SMALL_IMAGE":"\/media\/export\/cms\/products\/124x163\/mac_sku_S4JY01_124x163_0.jpg","PRICE_CHANGE_DATE":null,"ATTRIBUTE_COLOR_FAMILY":null,"SHADENAME":null,"isComingSoon":0,"RESTRICT_GROUP":null,"COVERAGE":null,"HEX_VALUE_STRING":"","FIBRE":null,"path":"CAT13837PROD46274SKU77374","SKU_BASE_ID":77374,"FUTURE_PRICE":11.5,"DISPLAY_ORDER":0,"REFILLABLE":0,"AREA_OF_FACE":null,"USE":null,"PRICE2":null,"DISPLAY_STATUS":7}},{"NAME_SHORT":null,"LARGE_IMAGE":["\/media\/export\/cms\/products\/640x600\/mac_sku_S4GL25_640x600_0.jpg"],"AVERAGE_RATING_PERCENT":100,"PRODUCT_BUZZWORDS":"Liquid Lipstick, Matte Finish, Limited Edition","MEDIUM_IMAGE":"\/media\/export\/cms\/products\/280x320\/mac_sku_S4GL25_280x320_0.jpg","PRO_FLAG":0,"CUSTOM_PALETTE_SMALL_IMAGE":null,"CLAIMS":"\u003Cul\u003E\u003Cli\u003E Long-wearing, eight hours \u003C\/li\u003E\u003Cli\u003E Colour wears evenly and smoothly, eight hours \u003C\/li\u003E\u003Cli\u003E Non-feathering, non-bleeding \u003C\/li\u003E\u003C\/ul\u003E","url":"\/product\/13854\/46224\/products\/makeup\/lips\/lipstick\/retro-matte-liquid-lipcolour-kabuki-magic","category":{"CAT_BASE_ID":13854,"BREADCRUMB_MENU_CAT_ID":null,"url":"\/products\/13854\/products\/makeup\/lips\/lipstick","DESCRIPTION":null,"CATEGORY_ID":"CAT13854","CATEGORY_NAME":"Lipstick","ROOTS1":null},"RATING_IMAGE":"\/images\/products\/stars\/rating-5_0.gif","isShoppable":1,"IMAGE_COLLECTION":"\/media\/export\/cms\/products\/collection\/mac_collection_S4GL25.jpg","IMAGE_SMOOSH":"\/media\/export\/cms\/products\/smoosh\/mac_smoosh_S4GL25.jpg","PRODUCT_USAGE":"Apply directly onto lips using applicator.","AVERAGE_RATING":5,"RATING_RANGE":5,"TOTAL_REVIEW_COUNT":3,"DEFAULT_CAT_ID":"CAT13854","worksWithSkuIds":["SKU77363","SKU77366","SKU77368","SKU2068","SKU77374","SKU77364"],"DESCRIPTION":"A modern twist on the classic matte texture with four saturated shades, from mid-tone stone grey to purplish magenta. All promise a splash of colour in a liquid-suede finish that lingers. Custom packaging in matte black with Kabuki\u2019s signature in gold.","worksWith":["PROD46266","PROD46268","PROD46269","PROD326","PROD46274","PROD46267"],"AWARD_1":null,"PARENT_CAT_ID":"CAT13854","PRODUCT_ID":"PROD46224","palette":0,"CUSTOM_PALETTE_MEDIUM_IMAGE":null,"CUSTOM_PALETTE_LARGE_IMAGE":null,"PROD_BASE_ID":46224,"PROD_RGN_NAME":"Retro Matte Liquid Lipcolour \/ Kabuki Magic","SUB_LINE":null,"sized":0,"skus":[{"LARGE_IMAGE":["\/media\/export\/cms\/products\/640x600\/mac_sku_S4GL26_640x600_0.jpg","\/media\/export\/cms\/products\/640x600\/mac_sku_S4GL26_640x600_1.jpg"],"highVelocityQty":-1,"LIFE_OF_PRODUCT":1,"MEDIUM_IMAGE":["\/media\/export\/cms\/products\/280x320\/mac_sku_S4GL26_280x320_0.jpg"],"PRO_FLAG":0,"PRICE":17.5,"CUSTOM_PALETTE_SMALL_IMAGE":null,"isLimitedRemaining":0,"formattedPrice2":"\u00a317.50 ","formattedUnitPrice":"","FLASH_DESC":null,"PRODUCT_CODE":"S4GL26","isShoppable":1,"IMAGE_COLLECTION":"\/media\/export\/cms\/products\/collection\/mac_collection_S4GL26.jpg","IMAGE_SMOOSH":"\/media\/export\/cms\/products\/smoosh\/mac_smoosh_S4GL26.jpg","UNDERTONE":null,"isOrderable":1,"USE_WITH":null,"SKU_ID":"SKU77315","FINISH":"Matte","PRODUCT_FORM":null,"SKU_MULTISHADED_IMAGE":"\/media\/export\/cms\/products\/smoosh\/mac_smoosh_S4GL26.jpg","worksWith":null,"formattedPrice":"\u00a317.50 ","SKU_MULTISHADED_IMAGE_HOVER":"\/media\/export\/cms\/products\/smoosh\/mac_smoosh_S4GL26_1.jpg","PARENT_CAT_ID":"CAT13854","PRODUCT_ID":"PROD46224","CUSTOM_PALETTE_MEDIUM_IMAGE":null,"CUSTOM_PALETTE_LARGE_IMAGE":null,"SKU_NOTES":null,"PRODUCT_SIZE":"5 ml","DEFAULT_SKU":0,"INTENSITY":null,"SHADE_DESCRIPTION":"Neutral pinky nude","PRODUCT_TYPE":null,"INVENTORY_STATUS":1,"SMALL_IMAGE":"\/media\/export\/cms\/products\/124x163\/mac_sku_S4GL26_124x163_0.jpg","PRICE_CHANGE_DATE":null,"ATTRIBUTE_COLOR_FAMILY":null,"SHADENAME":"Sweet Thing","isComingSoon":0,"RESTRICT_GROUP":null,"COVERAGE":null,"HEX_VALUE_STRING":"#c58278","FIBRE":null,"path":"CAT13854PROD46224SKU77315","SKU_BASE_ID":77315,"FUTURE_PRICE":17.5,"DISPLAY_ORDER":0,"REFILLABLE":0,"AREA_OF_FACE":null,"USE":null,"PRICE2":null,"DISPLAY_STATUS":7},{"LARGE_IMAGE":["\/media\/export\/cms\/products\/640x600\/mac_sku_S4GL28_640x600_0.jpg","\/media\/export\/cms\/products\/640x600\/mac_sku_S4GL28_640x600_1.jpg"],"highVelocityQty":-1,"LIFE_OF_PRODUCT":1,"MEDIUM_IMAGE":["\/media\/export\/cms\/products\/280x320\/mac_sku_S4GL28_280x320_0.jpg"],"PRO_FLAG":0,"PRICE":17.5,"CUSTOM_PALETTE_SMALL_IMAGE":null,"isLimitedRemaining":0,"formattedPrice2":"\u00a317.50 ","formattedUnitPrice":"","FLASH_DESC":null,"PRODUCT_CODE":"S4GL28","isShoppable":1,"IMAGE_COLLECTION":"\/media\/export\/cms\/products\/collection\/mac_collection_S4GL28.jpg","IMAGE_SMOOSH":"\/media\/export\/cms\/products\/smoosh\/mac_smoosh_S4GL28.jpg","UNDERTONE":null,"isOrderable":1,"USE_WITH":null,"SKU_ID":"SKU77317","FINISH":"Matte","PRODUCT_FORM":null,"SKU_MULTISHADED_IMAGE":"\/media\/export\/cms\/products\/smoosh\/mac_smoosh_S4GL28.jpg","worksWith":null,"formattedPrice":"\u00a317.50 ","SKU_MULTISHADED_IMAGE_HOVER":"\/media\/export\/cms\/products\/smoosh\/mac_smoosh_S4GL28_1.jpg","PARENT_CAT_ID":"CAT13854","PRODUCT_ID":"PROD46224","CUSTOM_PALETTE_MEDIUM_IMAGE":null,"CUSTOM_PALETTE_LARGE_IMAGE":null,"SKU_NOTES":null,"PRODUCT_SIZE":"5 ml","DEFAULT_SKU":0,"INTENSITY":null,"SHADE_DESCRIPTION":"Midtone stone grey","PRODUCT_TYPE":null,"INVENTORY_STATUS":1,"SMALL_IMAGE":"\/media\/export\/cms\/products\/124x163\/mac_sku_S4GL28_124x163_0.jpg","PRICE_CHANGE_DATE":null,"ATTRIBUTE_COLOR_FAMILY":null,"SHADENAME":"This Modern Age","isComingSoon":0,"RESTRICT_GROUP":null,"COVERAGE":null,"HEX_VALUE_STRING":"#948476","FIBRE":null,"path":"CAT13854PROD46224SKU77317","SKU_BASE_ID":77317,"FUTURE_PRICE":17.5,"DISPLAY_ORDER":0,"REFILLABLE":0,"AREA_OF_FACE":null,"USE":null,"PRICE2":null,"DISPLAY_STATUS":7},{"LARGE_IMAGE":["\/media\/export\/cms\/products\/640x600\/mac_sku_S4GL27_640x600_0.jpg","\/media\/export\/cms\/products\/640x600\/mac_sku_S4GL27_640x600_1.jpg"],"highVelocityQty":-1,"LIFE_OF_PRODUCT":1,"MEDIUM_IMAGE":["\/media\/export\/cms\/products\/280x320\/mac_sku_S4GL27_280x320_0.jpg"],"PRO_FLAG":0,"PRICE":17.5,"CUSTOM_PALETTE_SMALL_IMAGE":null,"isLimitedRemaining":0,"formattedPrice2":"\u00a317.50 ","formattedUnitPrice":"","FLASH_DESC":null,"PRODUCT_CODE":"S4GL27","isShoppable":1,"IMAGE_COLLECTION":"\/media\/export\/cms\/products\/collection\/mac_collection_S4GL27.jpg","IMAGE_SMOOSH":"\/media\/export\/cms\/products\/smoosh\/mac_smoosh_S4GL27.jpg","UNDERTONE":null,"isOrderable":1,"USE_WITH":null,"SKU_ID":"SKU77316","FINISH":"Matte","PRODUCT_FORM":null,"SKU_MULTISHADED_IMAGE":"\/media\/export\/cms\/products\/smoosh\/mac_smoosh_S4GL27.jpg","worksWith":null,"formattedPrice":"\u00a317.50 ","SKU_MULTISHADED_IMAGE_HOVER":"\/media\/export\/cms\/products\/smoosh\/mac_smoosh_S4GL27_1.jpg","PARENT_CAT_ID":"CAT13854","PRODUCT_ID":"PROD46224","CUSTOM_PALETTE_MEDIUM_IMAGE":null,"CUSTOM_PALETTE_LARGE_IMAGE":null,"SKU_NOTES":null,"PRODUCT_SIZE":"5 ml","DEFAULT_SKU":0,"INTENSITY":null,"SHADE_DESCRIPTION":"Purplish magenta","PRODUCT_TYPE":null,"INVENTORY_STATUS":1,"SMALL_IMAGE":"\/media\/export\/cms\/products\/124x163\/mac_sku_S4GL27_124x163_0.jpg","PRICE_CHANGE_DATE":null,"ATTRIBUTE_COLOR_FAMILY":null,"SHADENAME":"Flamingo Road","isComingSoon":0,"RESTRICT_GROUP":null,"COVERAGE":null,"HEX_VALUE_STRING":"#962c6d","FIBRE":null,"path":"CAT13854PROD46224SKU77316","SKU_BASE_ID":77316,"FUTURE_PRICE":17.5,"DISPLAY_ORDER":0,"REFILLABLE":0,"AREA_OF_FACE":null,"USE":null,"PRICE2":null,"DISPLAY_STATUS":7},{"LARGE_IMAGE":["\/media\/export\/cms\/products\/640x600\/mac_sku_S4GL25_640x600_0.jpg","\/media\/export\/cms\/products\/640x600\/mac_sku_S4GL25_640x600_1.jpg"],"highVelocityQty":-1,"LIFE_OF_PRODUCT":1,"MEDIUM_IMAGE":["\/media\/export\/cms\/products\/280x320\/mac_sku_S4GL25_280x320_0.jpg"],"PRO_FLAG":0,"PRICE":17.5,"CUSTOM_PALETTE_SMALL_IMAGE":null,"isLimitedRemaining":0,"formattedPrice2":"\u00a317.50 ","formattedUnitPrice":"","FLASH_DESC":null,"PRODUCT_CODE":"S4GL25","isShoppable":1,"IMAGE_COLLECTION":"\/media\/export\/cms\/products\/collection\/mac_collection_S4GL25.jpg","IMAGE_SMOOSH":"\/media\/export\/cms\/products\/smoosh\/mac_smoosh_S4GL25.jpg","UNDERTONE":null,"isOrderable":1,"USE_WITH":null,"SKU_ID":"SKU77314","FINISH":"Matte","PRODUCT_FORM":null,"SKU_MULTISHADED_IMAGE":"\/media\/export\/cms\/products\/smoosh\/mac_smoosh_S4GL25.jpg","worksWith":null,"formattedPrice":"\u00a317.50 ","SKU_MULTISHADED_IMAGE_HOVER":"\/media\/export\/cms\/products\/smoosh\/mac_smoosh_S4GL25_1.jpg","PARENT_CAT_ID":"CAT13854","PRODUCT_ID":"PROD46224","CUSTOM_PALETTE_MEDIUM_IMAGE":null,"CUSTOM_PALETTE_LARGE_IMAGE":null,"SKU_NOTES":null,"PRODUCT_SIZE":"5 ml","DEFAULT_SKU":0,"INTENSITY":null,"SHADE_DESCRIPTION":"Deep berry","PRODUCT_TYPE":null,"INVENTORY_STATUS":1,"SMALL_IMAGE":"\/media\/export\/cms\/products\/124x163\/mac_sku_S4GL25_124x163_0.jpg","PRICE_CHANGE_DATE":null,"ATTRIBUTE_COLOR_FAMILY":null,"SHADENAME":"Fallen Angel","isComingSoon":0,"RESTRICT_GROUP":null,"COVERAGE":null,"HEX_VALUE_STRING":"#5d1325","FIBRE":null,"path":"CAT13854PROD46224SKU77314","SKU_BASE_ID":77314,"FUTURE_PRICE":17.5,"DISPLAY_ORDER":0,"REFILLABLE":0,"AREA_OF_FACE":null,"USE":null,"PRICE2":null,"DISPLAY_STATUS":7}],"PRODUCT_TYPE":1,"IS_MULTISHADED":null,"FORMULA":null,"SMALL_IMAGE":"\/media\/export\/cms\/products\/124x163\/mac_sku_S4GL25_124x163_0.jpg","AVERAGE_RATING_ROUNDED":5,"RESTRICT_GROUP":null,"PROD_RGN_SUBHEADING":null,"RECOMMENDED_PERCENT":100,"SHORT_DESC":"A lip colour in four shades for a splash of colour in a liquid-suede finish that lasts.","path":"CAT13854PROD46224","RECOMMENDED_COUNT":3,"shaded":1,"DISPLAY_STATUS":7,"buildCanonicalURL":"\/product\/13854\/46224\/products\/makeup\/lips\/lipstick\/retro-matte-liquid-lipcolour-kabuki-magic","ONLY_RATINGS_COUNT":0,"sku_as_product":true,"defaultSku":{"LARGE_IMAGE":["\/media\/export\/cms\/products\/640x600\/mac_sku_S4GL25_640x600_0.jpg","\/media\/export\/cms\/products\/640x600\/mac_sku_S4GL25_640x600_1.jpg"],"highVelocityQty":-1,"LIFE_OF_PRODUCT":1,"MEDIUM_IMAGE":"\/media\/export\/cms\/products\/280x320\/mac_sku_S4GL25_280x320_0.jpg","PRO_FLAG":0,"PRICE":17.5,"CUSTOM_PALETTE_SMALL_IMAGE":null,"isLimitedRemaining":0,"formattedPrice2":"\u00a317.50 ","formattedUnitPrice":"","FLASH_DESC":null,"PRODUCT_CODE":"S4GL25","isShoppable":1,"IMAGE_COLLECTION":"\/media\/export\/cms\/products\/collection\/mac_collection_S4GL25.jpg","IMAGE_SMOOSH":"\/media\/export\/cms\/products\/smoosh\/mac_smoosh_S4GL25.jpg","UNDERTONE":null,"isOrderable":1,"USE_WITH":null,"SKU_ID":"SKU77314","FINISH":"Matte","PRODUCT_FORM":null,"SKU_MULTISHADED_IMAGE":"\/media\/export\/cms\/products\/smoosh\/mac_smoosh_S4GL25.jpg","worksWith":null,"formattedPrice":"\u00a317.50 ","SKU_MULTISHADED_IMAGE_HOVER":"\/media\/export\/cms\/products\/smoosh\/mac_smoosh_S4GL25_1.jpg","PARENT_CAT_ID":"CAT13854","PRODUCT_ID":"PROD46224","CUSTOM_PALETTE_MEDIUM_IMAGE":null,"CUSTOM_PALETTE_LARGE_IMAGE":null,"SKU_NOTES":null,"PRODUCT_SIZE":"5 ml","DEFAULT_SKU":0,"INTENSITY":null,"SHADE_DESCRIPTION":"Deep berry","PRODUCT_TYPE":null,"INVENTORY_STATUS":1,"SMALL_IMAGE":"\/media\/export\/cms\/products\/124x163\/mac_sku_S4GL25_124x163_0.jpg","PRICE_CHANGE_DATE":null,"ATTRIBUTE_COLOR_FAMILY":null,"SHADENAME":"Fallen Angel","isComingSoon":0,"RESTRICT_GROUP":null,"COVERAGE":null,"HEX_VALUE_STRING":"#5d1325","FIBRE":null,"path":"CAT13854PROD46224SKU77314","SKU_BASE_ID":77314,"FUTURE_PRICE":17.5,"DISPLAY_ORDER":0,"REFILLABLE":0,"AREA_OF_FACE":null,"USE":null,"PRICE2":null,"DISPLAY_STATUS":7},"qs_shade_route":"#\/shade\/Fallen_Angel","sku_count":4,"spp_show_shade_filter":true,"single_shade":false},{"NAME_SHORT":null,"LARGE_IMAGE":["\/media\/export\/cms\/products\/640x600\/mac_sku_S4LM01_640x600_0.jpg"],"AVERAGE_RATING_PERCENT":null,"PRODUCT_BUZZWORDS":"2 Shades, 1 Compact, Limited Edition","MEDIUM_IMAGE":"\/media\/export\/cms\/products\/280x320\/mac_sku_S4LM01_280x320_0.jpg","PRO_FLAG":0,"CUSTOM_PALETTE_SMALL_IMAGE":null,"CLAIMS":"\u003Cul\u003E\u003Cli\u003E Dermatologist tested \u003C\/li\u003E\u003Cli\u003E Non-acnegenic \u003C\/li\u003E\u003C\/lI\u003E","url":"\/product\/13842\/46270\/products\/makeup\/face\/blush\/powder-blush-duo-today-we-live","category":{"CAT_BASE_ID":13842,"BREADCRUMB_MENU_CAT_ID":null,"url":"\/products\/13842\/products\/makeup\/face\/blush","DESCRIPTION":null,"CATEGORY_ID":"CAT13842","CATEGORY_NAME":"Blush","ROOTS1":null},"RATING_IMAGE":"\/images\/global\/transparent.gif","isShoppable":1,"IMAGE_COLLECTION":"\/media\/export\/cms\/products\/collection\/mac_collection_S4LM01.jpg","IMAGE_SMOOSH":"\/media\/export\/cms\/products\/smoosh\/mac_smoosh_S4LM01.jpg","PRODUCT_USAGE":"\u003Cul\u003E\u003Cli\u003E Choose appropriate brush and glide over the blush. \u003C\/li\u003E\u003Cli\u003E Tap off excess powder and apply to skin using sweeping strokes and blend well. \u003C\/li\u003E\u003C\/ul\u003E","AVERAGE_RATING":null,"RATING_RANGE":null,"TOTAL_REVIEW_COUNT":null,"DEFAULT_CAT_ID":"CAT13842","worksWithSkuIds":["SKU77365","SKU77370","SKU77374","SKU77363","SKU77317","SKU77373"],"DESCRIPTION":"Designed by and for professionals, formulated to provide colour with ease and consistency. Applies evenly, adheres lightly to skin for natural-looking colour that lasts all day. Two shades of golden peach and soft beige-brown in one compact. Custom packaging in matte black with Kabuki\u2019s signature in gold.","worksWith":["PROD46268","PROD46269","PROD46274","PROD46266","PROD46224","PROD46273"],"AWARD_1":null,"PARENT_CAT_ID":"CAT13842","PRODUCT_ID":"PROD46270","palette":1,"CUSTOM_PALETTE_MEDIUM_IMAGE":null,"CUSTOM_PALETTE_LARGE_IMAGE":null,"PROD_BASE_ID":46270,"PROD_RGN_NAME":"Powder Blush Duo: Today We Live","SUB_LINE":null,"sized":0,"skus":[{"LARGE_IMAGE":["\/media\/export\/cms\/products\/640x600\/mac_sku_S4LM01_640x600_0.jpg","#\/media\/export\/cms\/products\/640x600\/mac_sku_S4LM01_640x600_1.jpg","\/media\/export\/cms\/products\/640x600\/mac_sku_S4LM01_640x600_2.jpg"],"highVelocityQty":-1,"LIFE_OF_PRODUCT":1,"MEDIUM_IMAGE":["\/media\/export\/cms\/products\/280x320\/mac_sku_S4LM01_280x320_0.jpg"],"PRO_FLAG":0,"PRICE":24.5,"CUSTOM_PALETTE_SMALL_IMAGE":null,"isLimitedRemaining":0,"formattedPrice2":"\u00a324.50 ","formattedUnitPrice":"\u00a324.50  \/ 10g","FLASH_DESC":null,"PRODUCT_CODE":"S4LM01","isShoppable":1,"IMAGE_COLLECTION":"\/media\/export\/cms\/products\/collection\/mac_collection_S4LM01.jpg","IMAGE_SMOOSH":"\/media\/export\/cms\/products\/smoosh\/mac_smoosh_S4LM01.jpg","UNDERTONE":null,"isOrderable":1,"USE_WITH":null,"SKU_ID":"SKU77371","FINISH":null,"PRODUCT_FORM":null,"SKU_MULTISHADED_IMAGE":"\/media\/export\/cms\/products\/smoosh\/mac_smoosh_S4LM01.jpg","worksWith":null,"formattedPrice":"\u00a324.50 ","SKU_MULTISHADED_IMAGE_HOVER":"\/media\/export\/cms\/products\/smoosh\/mac_smoosh_S4LM01_1.jpg","PARENT_CAT_ID":"CAT13842","PRODUCT_ID":"PROD46270","CUSTOM_PALETTE_MEDIUM_IMAGE":null,"CUSTOM_PALETTE_LARGE_IMAGE":null,"SKU_NOTES":null,"PRODUCT_SIZE":"10 g","DEFAULT_SKU":0,"INTENSITY":null,"SHADE_DESCRIPTION":"Golden peach with fine gold reflects \/ Soft beige brown","PRODUCT_TYPE":null,"INVENTORY_STATUS":1,"SMALL_IMAGE":"\/media\/export\/cms\/products\/124x163\/mac_sku_S4LM01_124x163_0.jpg","PRICE_CHANGE_DATE":null,"ATTRIBUTE_COLOR_FAMILY":null,"SHADENAME":"Oh You Pretty Things \/ Taupe","isComingSoon":0,"RESTRICT_GROUP":null,"COVERAGE":null,"HEX_VALUE_STRING":"","FIBRE":null,"path":"CAT13842PROD46270SKU77371","SKU_BASE_ID":77371,"FUTURE_PRICE":24.5,"DISPLAY_ORDER":0,"REFILLABLE":0,"AREA_OF_FACE":null,"USE":null,"PRICE2":null,"DISPLAY_STATUS":7}],"PRODUCT_TYPE":3,"IS_MULTISHADED":null,"FORMULA":null,"SMALL_IMAGE":"\/media\/export\/cms\/products\/124x163\/mac_sku_S4LM01_124x163_0.jpg","AVERAGE_RATING_ROUNDED":null,"RESTRICT_GROUP":null,"PROD_RGN_SUBHEADING":null,"RECOMMENDED_PERCENT":null,"SHORT_DESC":"Two blush shades in one compact that provide fantastic, even colour.","path":"CAT13842PROD46270","RECOMMENDED_COUNT":null,"shaded":0,"DISPLAY_STATUS":7,"buildCanonicalURL":"\/product\/13842\/46270\/products\/makeup\/face\/blush\/powder-blush-duo-today-we-live","ONLY_RATINGS_COUNT":null,"sku_as_product":true,"defaultSku":{"LARGE_IMAGE":["\/media\/export\/cms\/products\/640x600\/mac_sku_S4LM01_640x600_0.jpg","#\/media\/export\/cms\/products\/640x600\/mac_sku_S4LM01_640x600_1.jpg","\/media\/export\/cms\/products\/640x600\/mac_sku_S4LM01_640x600_2.jpg"],"highVelocityQty":-1,"LIFE_OF_PRODUCT":1,"MEDIUM_IMAGE":"\/media\/export\/cms\/products\/280x320\/mac_sku_S4LM01_280x320_0.jpg","PRO_FLAG":0,"PRICE":24.5,"CUSTOM_PALETTE_SMALL_IMAGE":null,"isLimitedRemaining":0,"formattedPrice2":"\u00a324.50 ","formattedUnitPrice":"\u00a324.50  \/ 10g","FLASH_DESC":null,"PRODUCT_CODE":"S4LM01","isShoppable":1,"IMAGE_COLLECTION":"\/media\/export\/cms\/products\/collection\/mac_collection_S4LM01.jpg","IMAGE_SMOOSH":"\/media\/export\/cms\/products\/smoosh\/mac_smoosh_S4LM01.jpg","UNDERTONE":null,"isOrderable":1,"USE_WITH":null,"SKU_ID":"SKU77371","FINISH":null,"PRODUCT_FORM":null,"SKU_MULTISHADED_IMAGE":"\/media\/export\/cms\/products\/smoosh\/mac_smoosh_S4LM01.jpg","worksWith":null,"formattedPrice":"\u00a324.50 ","SKU_MULTISHADED_IMAGE_HOVER":"\/media\/export\/cms\/products\/smoosh\/mac_smoosh_S4LM01_1.jpg","PARENT_CAT_ID":"CAT13842","PRODUCT_ID":"PROD46270","CUSTOM_PALETTE_MEDIUM_IMAGE":null,"CUSTOM_PALETTE_LARGE_IMAGE":null,"SKU_NOTES":null,"PRODUCT_SIZE":"10 g","DEFAULT_SKU":0,"INTENSITY":null,"SHADE_DESCRIPTION":"Golden peach with fine gold reflects \/ Soft beige brown","PRODUCT_TYPE":null,"INVENTORY_STATUS":1,"SMALL_IMAGE":"\/media\/export\/cms\/products\/124x163\/mac_sku_S4LM01_124x163_0.jpg","PRICE_CHANGE_DATE":null,"ATTRIBUTE_COLOR_FAMILY":null,"SHADENAME":"Oh You Pretty Things \/ Taupe","isComingSoon":0,"RESTRICT_GROUP":null,"COVERAGE":null,"HEX_VALUE_STRING":"","FIBRE":null,"path":"CAT13842PROD46270SKU77371","SKU_BASE_ID":77371,"FUTURE_PRICE":24.5,"DISPLAY_ORDER":0,"REFILLABLE":0,"AREA_OF_FACE":null,"USE":null,"PRICE2":null,"DISPLAY_STATUS":7}},{"NAME_SHORT":null,"LARGE_IMAGE":["\/media\/export\/cms\/products\/640x600\/mac_sku_S4GN01_640x600_0.jpg"],"AVERAGE_RATING_PERCENT":null,"PRODUCT_BUZZWORDS":"For Powders\/Creams, Fine Pencil-Shaped, Special Edition","MEDIUM_IMAGE":"\/media\/export\/cms\/products\/280x320\/mac_sku_S4GN01_280x320_0.jpg","PRO_FLAG":0,"CUSTOM_PALETTE_SMALL_IMAGE":null,"CLAIMS":null,"url":"\/product\/13802\/46272\/products\/brushes-tools\/brushes\/all-brushes\/218se-precision-brush-kabuki-magic","category":{"CAT_BASE_ID":13802,"BREADCRUMB_MENU_CAT_ID":null,"url":"\/products\/13802\/products\/brushes-tools\/brushes\/all-brushes","DESCRIPTION":null,"CATEGORY_ID":"CAT13802","CATEGORY_NAME":"All Brushes","ROOTS1":null},"RATING_IMAGE":"\/images\/global\/transparent.gif","isShoppable":1,"IMAGE_COLLECTION":"\/media\/export\/cms\/products\/collection\/mac_collection_S4GN01.jpg","IMAGE_SMOOSH":"\/media\/export\/cms\/products\/smoosh\/mac_smoosh_S4GN01.jpg","PRODUCT_USAGE":null,"AVERAGE_RATING":null,"RATING_RANGE":null,"TOTAL_REVIEW_COUNT":null,"DEFAULT_CAT_ID":"CAT13802","worksWithSkuIds":["SKU77317","SKU77363","SKU77364","SKU77365","SKU77370","SKU77374"],"DESCRIPTION":"For precision shading on the lid, in the eye crease or along the lash line. The soft, smooth fibres of this brush are gathered into a fine pencil-shaped tip. Ideal for blending eye liner into eye shadow to create a smoky-looking eye. Custom packaging in black with gold accents.","worksWith":["PROD46224","PROD46266","PROD46267","PROD46268","PROD46269","PROD46274"],"AWARD_1":null,"PARENT_CAT_ID":"CAT13802","PRODUCT_ID":"PROD46272","palette":1,"CUSTOM_PALETTE_MEDIUM_IMAGE":null,"CUSTOM_PALETTE_LARGE_IMAGE":null,"PROD_BASE_ID":46272,"PROD_RGN_NAME":"218SE Precision Brush \/ Kabuki Magic","SUB_LINE":null,"sized":0,"skus":[{"LARGE_IMAGE":["\/media\/export\/cms\/products\/640x600\/mac_sku_S4GN01_640x600_0.jpg"],"highVelocityQty":-1,"LIFE_OF_PRODUCT":1,"MEDIUM_IMAGE":["\/media\/export\/cms\/products\/280x320\/mac_sku_S4GN01_280x320_0.jpg"],"PRO_FLAG":0,"PRICE":23,"CUSTOM_PALETTE_SMALL_IMAGE":null,"isLimitedRemaining":0,"formattedPrice2":"\u00a323.00 ","formattedUnitPrice":"","FLASH_DESC":null,"PRODUCT_CODE":"S4GN01","isShoppable":1,"IMAGE_COLLECTION":"\/media\/export\/cms\/products\/collection\/mac_collection_S4GN01.jpg","IMAGE_SMOOSH":"\/media\/export\/cms\/products\/smoosh\/mac_smoosh_S4GN01.jpg","UNDERTONE":null,"isOrderable":1,"USE_WITH":null,"SKU_ID":"SKU77372","FINISH":null,"PRODUCT_FORM":null,"SKU_MULTISHADED_IMAGE":"\/media\/export\/cms\/products\/smoosh\/mac_smoosh_S4GN01.jpg","worksWith":null,"formattedPrice":"\u00a323.00 ","SKU_MULTISHADED_IMAGE_HOVER":"\/media\/export\/cms\/products\/smoosh\/mac_smoosh_S4GN01_1.jpg","PARENT_CAT_ID":"CAT13802","PRODUCT_ID":"PROD46272","CUSTOM_PALETTE_MEDIUM_IMAGE":null,"CUSTOM_PALETTE_LARGE_IMAGE":null,"SKU_NOTES":null,"PRODUCT_SIZE":null,"DEFAULT_SKU":0,"INTENSITY":null,"SHADE_DESCRIPTION":null,"PRODUCT_TYPE":null,"INVENTORY_STATUS":1,"SMALL_IMAGE":"\/media\/export\/cms\/products\/124x163\/mac_sku_S4GN01_124x163_0.jpg","PRICE_CHANGE_DATE":null,"ATTRIBUTE_COLOR_FAMILY":null,"SHADENAME":null,"isComingSoon":0,"RESTRICT_GROUP":null,"COVERAGE":null,"HEX_VALUE_STRING":"","FIBRE":null,"path":"CAT13802PROD46272SKU77372","SKU_BASE_ID":77372,"FUTURE_PRICE":23,"DISPLAY_ORDER":0,"REFILLABLE":0,"AREA_OF_FACE":null,"USE":null,"PRICE2":null,"DISPLAY_STATUS":7}],"PRODUCT_TYPE":3,"IS_MULTISHADED":null,"FORMULA":null,"SMALL_IMAGE":"\/media\/export\/cms\/products\/124x163\/mac_sku_S4GN01_124x163_0.jpg","AVERAGE_RATING_ROUNDED":null,"RESTRICT_GROUP":null,"PROD_RGN_SUBHEADING":null,"RECOMMENDED_PERCENT":null,"SHORT_DESC":"A special-edition fine pencil-shaped brush for precise shading on the lid, in eye crease or along lash line.","path":"CAT13802PROD46272","RECOMMENDED_COUNT":null,"shaded":0,"DISPLAY_STATUS":7,"buildCanonicalURL":"\/product\/13802\/46272\/products\/brushes-tools\/brushes\/all-brushes\/218se-precision-brush-kabuki-magic","ONLY_RATINGS_COUNT":null,"sku_as_product":true,"defaultSku":{"LARGE_IMAGE":["\/media\/export\/cms\/products\/640x600\/mac_sku_S4GN01_640x600_0.jpg"],"highVelocityQty":-1,"LIFE_OF_PRODUCT":1,"MEDIUM_IMAGE":"\/media\/export\/cms\/products\/280x320\/mac_sku_S4GN01_280x320_0.jpg","PRO_FLAG":0,"PRICE":23,"CUSTOM_PALETTE_SMALL_IMAGE":null,"isLimitedRemaining":0,"formattedPrice2":"\u00a323.00 ","formattedUnitPrice":"","FLASH_DESC":null,"PRODUCT_CODE":"S4GN01","isShoppable":1,"IMAGE_COLLECTION":"\/media\/export\/cms\/products\/collection\/mac_collection_S4GN01.jpg","IMAGE_SMOOSH":"\/media\/export\/cms\/products\/smoosh\/mac_smoosh_S4GN01.jpg","UNDERTONE":null,"isOrderable":1,"USE_WITH":null,"SKU_ID":"SKU77372","FINISH":null,"PRODUCT_FORM":null,"SKU_MULTISHADED_IMAGE":"\/media\/export\/cms\/products\/smoosh\/mac_smoosh_S4GN01.jpg","worksWith":null,"formattedPrice":"\u00a323.00 ","SKU_MULTISHADED_IMAGE_HOVER":"\/media\/export\/cms\/products\/smoosh\/mac_smoosh_S4GN01_1.jpg","PARENT_CAT_ID":"CAT13802","PRODUCT_ID":"PROD46272","CUSTOM_PALETTE_MEDIUM_IMAGE":null,"CUSTOM_PALETTE_LARGE_IMAGE":null,"SKU_NOTES":null,"PRODUCT_SIZE":null,"DEFAULT_SKU":0,"INTENSITY":null,"SHADE_DESCRIPTION":null,"PRODUCT_TYPE":null,"INVENTORY_STATUS":1,"SMALL_IMAGE":"\/media\/export\/cms\/products\/124x163\/mac_sku_S4GN01_124x163_0.jpg","PRICE_CHANGE_DATE":null,"ATTRIBUTE_COLOR_FAMILY":null,"SHADENAME":null,"isComingSoon":0,"RESTRICT_GROUP":null,"COVERAGE":null,"HEX_VALUE_STRING":"","FIBRE":null,"path":"CAT13802PROD46272SKU77372","SKU_BASE_ID":77372,"FUTURE_PRICE":23,"DISPLAY_ORDER":0,"REFILLABLE":0,"AREA_OF_FACE":null,"USE":null,"PRICE2":null,"DISPLAY_STATUS":7}},{"NAME_SHORT":null,"LARGE_IMAGE":["\/media\/export\/cms\/products\/640x600\/mac_sku_S4GP01_640x600_0.jpg"],"AVERAGE_RATING_PERCENT":null,"PRODUCT_BUZZWORDS":"For All Formulas, Small Paddle Shape, Special Edition","MEDIUM_IMAGE":"\/media\/export\/cms\/products\/280x320\/mac_sku_S4GP01_280x320_0.jpg","PRO_FLAG":0,"CUSTOM_PALETTE_SMALL_IMAGE":null,"CLAIMS":null,"url":"\/product\/13802\/46273\/products\/brushes-tools\/brushes\/all-brushes\/283se-small-duo-fibre-eye-brush-kabuki-magic","category":{"CAT_BASE_ID":13802,"BREADCRUMB_MENU_CAT_ID":null,"url":"\/products\/13802\/products\/brushes-tools\/brushes\/all-brushes","DESCRIPTION":null,"CATEGORY_ID":"CAT13802","CATEGORY_NAME":"All Brushes","ROOTS1":null},"RATING_IMAGE":"\/images\/global\/transparent.gif","isShoppable":1,"IMAGE_COLLECTION":"\/media\/export\/cms\/products\/collection\/mac_collection_S4GP01.jpg","IMAGE_SMOOSH":"\/media\/export\/cms\/products\/smoosh\/mac_smoosh_S4GP01.jpg","PRODUCT_USAGE":null,"AVERAGE_RATING":null,"RATING_RANGE":null,"TOTAL_REVIEW_COUNT":null,"DEFAULT_CAT_ID":"CAT13802","worksWithSkuIds":["SKU77371","SKU77374","SKU77370","SKU77365","SKU77364","SKU77314"],"DESCRIPTION":"A rounded, small-sized, double-chiseled, paddle-shaped brush. Perfect for applying and blending eye shadow in both powder and cream form. Works especially well with Dazzleshadows. Made from a blend of two types of synthetic fibres, allowing for a light wash of colour. Custom packaging in black with gold accents.","worksWith":["PROD46270","PROD46274","PROD46269","PROD46268","PROD46267","PROD46224"],"AWARD_1":null,"PARENT_CAT_ID":"CAT13802","PRODUCT_ID":"PROD46273","palette":1,"CUSTOM_PALETTE_MEDIUM_IMAGE":null,"CUSTOM_PALETTE_LARGE_IMAGE":null,"PROD_BASE_ID":46273,"PROD_RGN_NAME":"283SE Small Duo Fibre Eye Brush \/ Kabuki Magic","SUB_LINE":null,"sized":0,"skus":[{"LARGE_IMAGE":["\/media\/export\/cms\/products\/640x600\/mac_sku_S4GP01_640x600_0.jpg"],"highVelocityQty":-1,"LIFE_OF_PRODUCT":1,"MEDIUM_IMAGE":["\/media\/export\/cms\/products\/280x320\/mac_sku_S4GP01_280x320_0.jpg"],"PRO_FLAG":0,"PRICE":26,"CUSTOM_PALETTE_SMALL_IMAGE":null,"isLimitedRemaining":0,"formattedPrice2":"\u00a326.00 ","formattedUnitPrice":"","FLASH_DESC":null,"PRODUCT_CODE":"S4GP01","isShoppable":1,"IMAGE_COLLECTION":"\/media\/export\/cms\/products\/collection\/mac_collection_S4GP01.jpg","IMAGE_SMOOSH":"\/media\/export\/cms\/products\/smoosh\/mac_smoosh_S4GP01.jpg","UNDERTONE":null,"isOrderable":1,"USE_WITH":null,"SKU_ID":"SKU77373","FINISH":null,"PRODUCT_FORM":null,"SKU_MULTISHADED_IMAGE":"\/media\/export\/cms\/products\/smoosh\/mac_smoosh_S4GP01.jpg","worksWith":null,"formattedPrice":"\u00a326.00 ","SKU_MULTISHADED_IMAGE_HOVER":"\/media\/export\/cms\/products\/smoosh\/mac_smoosh_S4GP01_1.jpg","PARENT_CAT_ID":"CAT13802","PRODUCT_ID":"PROD46273","CUSTOM_PALETTE_MEDIUM_IMAGE":null,"CUSTOM_PALETTE_LARGE_IMAGE":null,"SKU_NOTES":null,"PRODUCT_SIZE":null,"DEFAULT_SKU":0,"INTENSITY":null,"SHADE_DESCRIPTION":null,"PRODUCT_TYPE":null,"INVENTORY_STATUS":1,"SMALL_IMAGE":"\/media\/export\/cms\/products\/124x163\/mac_sku_S4GP01_124x163_0.jpg","PRICE_CHANGE_DATE":null,"ATTRIBUTE_COLOR_FAMILY":null,"SHADENAME":null,"isComingSoon":0,"RESTRICT_GROUP":null,"COVERAGE":null,"HEX_VALUE_STRING":"","FIBRE":null,"path":"CAT13802PROD46273SKU77373","SKU_BASE_ID":77373,"FUTURE_PRICE":26,"DISPLAY_ORDER":0,"REFILLABLE":0,"AREA_OF_FACE":null,"USE":null,"PRICE2":null,"DISPLAY_STATUS":7}],"PRODUCT_TYPE":3,"IS_MULTISHADED":null,"FORMULA":null,"SMALL_IMAGE":"\/media\/export\/cms\/products\/124x163\/mac_sku_S4GP01_124x163_0.jpg","AVERAGE_RATING_ROUNDED":null,"RESTRICT_GROUP":null,"PROD_RGN_SUBHEADING":null,"RECOMMENDED_PERCENT":null,"SHORT_DESC":"A special-edition small brush perfect for applying and blending shadow in both powder and cream form.","path":"CAT13802PROD46273","RECOMMENDED_COUNT":null,"shaded":0,"DISPLAY_STATUS":7,"buildCanonicalURL":"\/product\/13802\/46273\/products\/brushes-tools\/brushes\/all-brushes\/283se-small-duo-fibre-eye-brush-kabuki-magic","ONLY_RATINGS_COUNT":null,"sku_as_product":true,"defaultSku":{"LARGE_IMAGE":["\/media\/export\/cms\/products\/640x600\/mac_sku_S4GP01_640x600_0.jpg"],"highVelocityQty":-1,"LIFE_OF_PRODUCT":1,"MEDIUM_IMAGE":"\/media\/export\/cms\/products\/280x320\/mac_sku_S4GP01_280x320_0.jpg","PRO_FLAG":0,"PRICE":26,"CUSTOM_PALETTE_SMALL_IMAGE":null,"isLimitedRemaining":0,"formattedPrice2":"\u00a326.00 ","formattedUnitPrice":"","FLASH_DESC":null,"PRODUCT_CODE":"S4GP01","isShoppable":1,"IMAGE_COLLECTION":"\/media\/export\/cms\/products\/collection\/mac_collection_S4GP01.jpg","IMAGE_SMOOSH":"\/media\/export\/cms\/products\/smoosh\/mac_smoosh_S4GP01.jpg","UNDERTONE":null,"isOrderable":1,"USE_WITH":null,"SKU_ID":"SKU77373","FINISH":null,"PRODUCT_FORM":null,"SKU_MULTISHADED_IMAGE":"\/media\/export\/cms\/products\/smoosh\/mac_smoosh_S4GP01.jpg","worksWith":null,"formattedPrice":"\u00a326.00 ","SKU_MULTISHADED_IMAGE_HOVER":"\/media\/export\/cms\/products\/smoosh\/mac_smoosh_S4GP01_1.jpg","PARENT_CAT_ID":"CAT13802","PRODUCT_ID":"PROD46273","CUSTOM_PALETTE_MEDIUM_IMAGE":null,"CUSTOM_PALETTE_LARGE_IMAGE":null,"SKU_NOTES":null,"PRODUCT_SIZE":null,"DEFAULT_SKU":0,"INTENSITY":null,"SHADE_DESCRIPTION":null,"PRODUCT_TYPE":null,"INVENTORY_STATUS":1,"SMALL_IMAGE":"\/media\/export\/cms\/products\/124x163\/mac_sku_S4GP01_124x163_0.jpg","PRICE_CHANGE_DATE":null,"ATTRIBUTE_COLOR_FAMILY":null,"SHADENAME":null,"isComingSoon":0,"RESTRICT_GROUP":null,"COVERAGE":null,"HEX_VALUE_STRING":"","FIBRE":null,"path":"CAT13802PROD46273SKU77373","SKU_BASE_ID":77373,"FUTURE_PRICE":26,"DISPLAY_ORDER":0,"REFILLABLE":0,"AREA_OF_FACE":null,"USE":null,"PRICE2":null,"DISPLAY_STATUS":7}}]}}</script>
<script src="http://www.maccosmetics.co.uk/sites/maccosmetics/files/js/js_RwE4KtV1hXZtHdV_DTV3IO4AHUtq7Zl6Nu81RE8n_vA.js"></script>
<script src="http://www.maccosmetics.co.uk/sites/maccosmetics/files/js/js_kpNnUJbdFlyzaoBHs3kKe7ny4allKOJWb0TxJ3y0jpQ.js"></script>
<script src="http://www.maccosmetics.co.uk/sites/maccosmetics/files/js/js_avL_A6_kVKJ7BFCBJxPUqch7UWBUIYelhs3CVoHc4lA.js"></script>
<script src="http://www.maccosmetics.co.uk/sites/maccosmetics/files/js/js_fZ1wx29IsgvytFDknOv5HVAqFl8THfpaQxTm3zg7oVM.js"></script>
<script src="http://www.maccosmetics.co.uk/sites/maccosmetics/files/js/js_ns1U1iIjZSCMP1Ias227eXa0XsF2oVGskyp4A_w0opM.js"></script>
        <div style="" id="debugdiv_CoreMetrics"></div><script type="text/javascript">
(function () {
var tagjs = document.createElement("script");
var s = document.getElementsByTagName("script")[0];
tagjs.text = "{'site':'TsQcUxy'}";
tagjs.async = true;
tagjs.src = "http://s.btstatic.com/tag.js";
s.parentNode.insertBefore(tagjs, s);
}());
</script>
<noscript><iframe src="http://s.thebrighttag.com/iframe?c=TsQcUxy" width="1" height="1" frameborder="0" scrolling="no" marginheight="0" marginwidth="0"></iframe></noscript>  </body>

<!-- Mirrored from www.maccosmetics.co.uk/collections-mac-makeup-art-cosmetics by HTTrack Website Copier/3.x [XR&CO'2014], Wed, 01 Mar 2017 11:55:57 GMT -->
</html>